1638 2678
333 142 619 224 FABRICII
654 137 930 194 MORBVS
942 178 957 203 ,
993 135 1196 190 MORS.
1321 154 1385 204 93

106 301 179 343 μοι
201 320 216 343 ,
271 277 350 340 τὴν
394 276 532 346 χάριν
577 270 699 329 δώσω
756 276 874 344 Θεῷ.
976 274 1127 327 Certe
1176 273 1408 339 videbat„

106 348 220 398 vitae
258 345 354 399 sua:
395 346 551 399 finem
581 342 759 395 instare
785 383 801 409 ‚
841 340 891 394 ἀ
926 339 1067 395 lento
1107 342 1267 411 gradu
1303 351 1415 397 ac-‘

108 414 306 468 cedere.
380 417 442 466 Et
463 427 755 480 quanquam
798 426 902 463 non
949 409 1046 463 effe
1092 415 1287 480 semper
1325 414 1384 466 in

107 482 326 536 medicis
341 482 543 550 sciebat,
557 492 612 532 ut
626 477 876 533 relevetur
888 497 1031 548 aeger,
1044 483 1233 551 quippe
1285 498 1384 535 uos

108 551 227 605 satis
283 551 337 619 so
383 549 653 603 excuiatos
691 548 910 617 praestare
944 548 1211 604 distitabat
1240 567 1265 604 a
1291 552 1382 612 iaS‚

109 619 236 673 dum
259 630 581 673 morerentur
602 616 720 687 ipfi3
752 629 922 670 tamen
959 617 1008 670 δι
1042 617 1179 672 idem
1213 618 1385 672 hono-

109 688 327 742 randum
348 688 444 741 effe
463 689 519 740 in
546 699 779 755 tempore
810 685 1081 740 Medicum
1110 699 1385 742 monuerat

110 759 321 827 saepius,
356 756 407 810 ἃ
425 774 562 809 nunc
584 769 640 809 ut
661 754 750 809 fibi
773 772 983 822 quoque
1008 755 1057 808 ἃ
1078 753 1282 811 familiae
1310 758 1385 811 sa-

109 824 385 893 tisfaceret,
412 824 696 894 peritiffimi
710 823 906 877 Medici
921 824 1244 878 Hannekenii
1261 842 1386 894 ope-

112 912 220 949 ram
257 912 345 964 per
378 894 465 947 sex
496 892 717 963 amplius
750 892 1106 946 hebdomades
1137 894 1395 951 adhibere.

110 980 220 1017 non
240 962 505 1016 recusavit.
577 962 674 1016 Sed
697 959 872 1014 frustra
907 961 1045 1014 eheu
1075 959 1178 1015 fuit
1206 965 1383 1018 omnis

110 1031 394 1099 medicina,
426 1049 520 1085 nec
540 1031 697 1085 sudor
719 1029 958 1084 naturalis
984 1029 1083 1083 ulla
1106 1044 1210 1085 arte
1243 1032 1383 1086 resti-

110 1102 219 1168 tui,
261 1118 357 1155 nec
388 1101 599 1153 materia
634 1098 812 1168 peetus
845 1116 1137 1166 nervosque
1171 1118 1385 1170 gravans

113 1169 300 1223 discuti
321 1171 515 1238 potuit,
551 1165 682 1222 febri
705 1184 916 1235 quoque
931 1167 1065 1221 lenta
1091 1169 1386 1224 accedente.

112 1241 313 1305 ltaque,
347 1255 469 1291 cum
490 1237 659 1290 adhuc
682 1238 735 1288 in
754 1235 871 1289 sella
892 1236 942 1289 se
965 1237 1285 1305 sustinuisset,
1298 1251 1387 1292 aut

109 1306 163 1360 se
182 1308 237 1359 in
261 1305 541 1375 pulvinaria
563 1303 783 1375 appofita
799 1304 978 1358 leniter
989 1304 1386 1375 reclinaffet‚tri-

101 1373 222 1428 -duo
242 1386 356 1427 ante
378 1386 600 1427 mortem
621 1376 675 1426 in
699 1373 891 1430 lectum
904 1374 1151 1438 contulit,
1183 1374 1385 1445 placide

112 1455 336 1497 mortem
358 1441 757 1511 exspefiaturus.
824 1446 958 1496 Nam
982 1460 1296 1511 quamquam
1327 1447 1385 1499 in

23 1564 25 1568 ,
114 1511 199 1565 illa
221 1510 423 1564 difficili
446 1511 496 1564 Gt
518 1510 753 1579 praeclusa
786 1511 1114 1581 respiratione
1138 1516 1385 1568 maximis

113 1579 287 1634 cordis
321 1579 600 1649 angoribus
648 1581 986 1648 cruciaretur,
1036 1580 1174 1634 nulla
1211 1594 1387 1636 tamen

114 1666 341 1716 unquam
371 1651 723 1717 impatientior
756 1667 862 1711 yox
893 1667 960 1703 ex
991 1667 1058 1703 eo
1093 1650 1266 1704 audita
1298 1651 1387 1720 est,

112 1720 240 1786 quin
263 1716 451 1771 mediis
477 1717 835 1787 inangoribus
859 1718 1075 1788 negabat
1095 1719 1145 1772 se
1171 1719 1251 1772 vel
1276 1738 1390 1774 mo-

32 1790 34 1793 ’
109 1797 289 1841 mento
313 1788 454 1854 prius
477 1797 652 1856 optare
675 1788 810 1840 mori
832 1804 987 1855 quam
1019 1791 1137 1841 Deo
1168 1788 1389 1858 placuiss

26 1895 28 1899 ⁴
112 1855 201 1909 set.
273 1857 539 1908 Coeterum
564 1872 670 1907 non
693 1857 891 1909 amicos
914 1855 1096 1925 modo,
1118 1858 1203 1911 sed
1226 1857 1277 1911 ὅ(
1308 1855 1385 1913 fa-

110 1922 312 1977 miliam
334 1935 483 1990 atque
509 1923 640 1976 adeo
659 1923 887 1992 ancillaS,
910 1925 1153 1979 consueta
1182 1927 1267 1979 sua
1283 1927 1386 1981 hu-

111 1994 355 2046 manitate
378 1991 428 2044 δι
463 1991 754 2061 excipiebat
786 1991 837 2046 Gt
866 1993 1172 2049 dimittebat.
1244 1998 1388 2052 Cum.

0 2098 1 2127 2
109 2077 235 2114 vero
257 2078 353 2114 nos
374 2078 464 2130 per
482 2062 622 2113 vices
636 2103 651 2128 ,
686 2073 743 2113 ut
767 2062 936 2130 ipsum
958 2062 1277 2118 discedentes
1307 2065 1387 2118 so-

0 2136 35 2188 ls:-
109 2128 223 2182 lum
245 2127 651 2196 relinqueremus
676 2129 952 2199 paulisper,
983 2132 1223 2202 rogaffet,
1255 2150 1385 2189 con-

7 2194 46 2491 ’ἰ
109 2199 263 2251 tinuo
285 2209 575 2267 precantem
598 2198 960 2268 audiebamu8‚
981 2211 1051 2253 ‘ut
1086 2204 1228 2254 Deus
1267 2202 1383 2270 ejus

111 2265 433 2319 misereretur
445 2283 533 2335 per
545 2265 822 2320 Christum.
893 2271 952 2321 In
974 2271 1131 2322 vitam
1153 2270 1386 2328 veroxfu-

109 2344 275 2386 turam
294 2336 522 2387 intentus
533 2336 971 2401 animo‚omnium
987 2337 1230 2391 dolorum
1246 2340 1388 2394 obli-

110 2402 237 2455 visci
267 2402 542 2457 &modesti
575 2404 805 2472 quodam
833 2405 1028 2476 gaudio
1057 2406 1225 2462 efferri
1245 2409 1386 2462 visus

7 2493 78 2572 ἕξει
688 2527 715 2553 N
1295 2476 1381 2532 est.

6 2598 37 2636 ἐπί
