1638 2678
705 0 722 31 Γ

428 102 714 159 FABRICII
748 100 1022 156 STVDIA.
1313 119 1374 169 13

97 233 342 286 Valentino
367 233 549 286 Alberti
572 231 621 286 se
642 245 814 287 totum
834 230 1106 302 commifit,
1136 233 1249 299 ejus
1274 232 1375 287 ho-

88 299 260 371 spiti0‚
295 302 480 367 menia,
513 303 848 367 institutione,
885 319 974 372 per
995 318 1157 356 annos
1180 302 1376 372 septem

89 370 308 439 gavisus,
379 374 561 437 Neque
593 383 764 424 tamen
797 368 886 424 fibi
914 368 1107 438 defuit,
1142 387 1250 439 quo
1271 373 1373 424 mi-

89 455 189 491 nus
211 441 363 492 Viros
394 440 507 505 ejus
539 441 694 492 artatis
725 437 1121 507 celeberrimos,
1156 442 1233 501 Jo.
1259 441 1372 492 Ben.

12 544 13 547 ,
90 508 432 574 Carpzovium,
478 509 554 569 Jo.
582 508 853 566 Olearium,
895 508 1198 570 Joachimum
1227 509 1373 560 Felle-

86 592 215 633 rum,
249 575 487 627 Adamum
510 576 921 643 Rechenhergium,
961 576 1188 630 Thomam
1208 578 1371 645 Ittigi-

85 659 196 700 um,
237 645 455 695 Ottonem
481 644 836 701 Menckenium,
869 645 945 705 Jo.
974 647 1282 711 Cyprianum,
1315 645 1369 700 ὅ(

85 711 355 773 Johannem
386 711 671 764 Schmidium
704 711 884 766 sedulo
920 712 1134 766 audiret.
1216 716 1371 786 (ζωο-

88 796 204 832 rum
226 796 353 850 ope,
388 793 637 848 quantum
660 780 830 835 docile
853 781 1067 835 Fabricii
1096 783 1371 852 ingenium

87 846 338 918 proficere
370 852 422 901 in
445 852 590 902 omni
623 868 805 918 genere
836 848 1080 904 dostrinae
1112 853 1370 921 potuerit‘,

87 918 256 970 'cuivis
275 914 426 971 facile
439 917 507 970 est
531 918 1150 987 judicare5cummaxima
1172 919 1368 975 horum

86 986 330 1038 Virorum
353 988 408 1038 in
430 985 596 1041 literas
619 990 796 1040 merita
821 989 1016 1040 nemini
1044 999 1239 1041 temere
1269 988 1368 1042 ob-

0 1092 1 1099 1
85 1052 230 1107 scura
246 1053 343 1106 effe
362 1068 564 1122 queant.
635 1056 742 1126 Ipse
764 1069 934 1109 tamen
959 1056 1219 1109 Fabricius
1251 1056 1370 1127 plu-

0 1146 1 1166 :
85 1123 213 1175 rima
247 1122 298 1174 se
320 1125 495 1192 litigio
522 1123 707 1178 debere
742 1124 864 1194 saepe
887 1122 1136 1194 professus
1169 1125 1265 1191 est,
1301 1125 1367 1179 ab

86 1206 153 1243 eo
171 1191 362 1259 quippe
385 1190 458 1271 ad.
472 1195 638 1271 Patres
663 1192 905 1258 Ecclefiae,
941 1192 992 1246 δι
1016 1192 1078 1246 ad
1102 1192 1367 1273 iumen-il-

82 1254 1249 1385 {ffieirss'5323&{zaffi‘ssssssmeffssfiffissifhfflm'
1283 1279 1365 1316 ¹¹²‘

148 1535 376 1590 Providae
397 1539 574 1604 utique
589 1540 689 1590 Dei
708 1556 839 1591 curae
862 1536 1254 1591 adscribendum
1276 1535 1363 1608 est,
1381 1554 1557 1606 qam..

83 1603 228 1671 quod
258 1606 518 1659 Fabricius
550 1608 749 1671 juvenis
785 1609 841 1659 in
868 1623 1051 1660 manus
1083 1606 1361 1659 fideliffimi
1383 1606 1557 1670 40⁴¹!st-

81 1675 302 1727 Tutoris
326 1691 383 1727 ac
404 1677 686 1740 Curatori3‚
711 1687 860 1743 atque
882 1677 937 1727 in
960 1687 1191 1746 tempora
1213 1675 1264 1728 Gt
1286 1674 1361 1728 di·
1382 1662 1524 1756 2¹32-

78 1740 346 1811 sciplinam
387 1743 843 1798 eruditiffimorum
875 1745 1118 1796 Virorum
1159 1744 1360 1797 incide·
1378 1788 1471 1811 „a
1491 1790 1558 1815 ex·

81 1823 184 1872 ret,
218 1823 448 1878 praeterea
471 1829 595 1865 vero
622 1814 835 1882 ingenio
866 1830 955 1882 per
975 1825 1207 1865 naturam
1237 1812 1357 1865 effet
1374 1829 1521 1869 citam

79 1877 241 1932 docili
270 1879 321 1932 ἃ
352 1881 612 1940 excitat03
658 1881 742 1934 sed
771 1898 867 1934 nec
898 1880 1003 1950 ipse
1030 1880 1111 1934 vel
1144 1884 1434 1937 morumfit-

73 1947 356 2012 ‘castitatem
369 1948 448 2001 vel
469 1947 786 2004 [edulitatem
805 1948 1033 2002 discendi
1057 1948 1160 2002 ulla
1181 1952 1235 2002 in
1249 1966 1358 2020 par-

77 2027 131 2067 te
154 2014 315 2085 paffus
338 2016 409 2069 est
430 2015 710 2072 defiderari.
781 2020 988 2087 Magnis
1004 2017 1362 2084 ejusmodiin-

78 2085 244 2153 geniis
271 2083 374 2137 levi
398 2096 596 2139 tantum
628 2087 827 2140 indicio
858 2104 991 2156 opus
1021 2086 1119 2154 est,
1153 2104 1253 2154 qua
1276 2088 1360 2141 via

76 2152 305 2205 eundum
327 2151 411 2213 fit;
448 2167 561 2207 tum
584 2153 672 2224 ipfi
693 2153 845 2209 facile
864 2154 956 2210 fibi
977 2155 1136 2209 duces
1157 2159 1288 2223 sunt,
1306 2155 1360 2211 ὅτ

0 2242 1 2290 3
75 2222 411 2274 contentione
432 2240 614 2292 magna
647 2241 737 2294 per
755 2225 945 2293 quaevis
968 2226 1168 2277 viarum
1190 2223 1359 2279 obsta-

10 2308 15 2310 *
75 2288 192 2342 cula
218 2301 368 2358 atque
389 2290 596 2345 dumeta
619 2304 971 2363 perrumpunt,
1005 2295 1117 2346 imo
1137 2309 1244 2347 non
1265 2310 1359 2347 co-

6 2379 10 2428 ³.
72 2359 226 2413 mites
249 2357 414 2414 modo
438 2361 665 2431 itineris,
699 2361 787 2418 sed
807 2362 870 2417 ’ἃ
893 2361 1053 2418 duces
1077 2361 1217 2433 ipsos
1247 2378 1359 2442 ma-

699 2472 701 2474 -
1237 2445 1365 2502 gnis*
