1638 2678
1006 34 1018 70 Ι

296 141 392 196 164
587 126 846 180 SEXTVS
879 125 1251 182 EMPIRICVS.

290 259 513 324 viliam,
550 261 699 324 cujus
723 273 915 329 partem
935 263 978 313 S.
1001 262 1055 313 R.
1077 262 1157 323 Jo.
1180 260 1312 313 Frid.
1340 262 1561 314 Winck-
1619 260 1625 303 ἱ

289 329 427 382 lerus
462 326 745 395 descripsit,
777 331 1037 395 integrum
1079 328 1442 381 eruditiffimus
1477 332 1559 392 Jo.

288 395 574 451 Hudsonus
630 398 1059 459 communicavit3
1103 395 1261 449 altero
1318 396 1560 449 Vr-atisla-

290 463 479 520 viens1‚
516 465 605 529 qui
639 467 694 516 in
732 468 791 516 L.
815 467 875 516 11.
904 464 1136 517 adversus
1171 467 1401 533 Logicos
1435 464 1556 518 sest.
1601 510 1605 513 .

259 541 264 544 ·
295 551 405 598 349.
437 530 642 598 definit,
678 531 728 584 ἃ
757 548 783 584 a
816 532 1012 584 Ferdin.
1046 532 1251 585 Ludov.
1279 533 1343 585 de
1363 532 1562 585 Bresler

292 600 346 653 ὅτ
375 600 712 668 Aschenburg
742 604 980 653 Senatore
1025 604 1188 667 patrio
1210 643 1225 667 ‚
1273 617 1299 653 a
1334 599 1559 654 confiliis

291 669 499 736 Caesari,
528 666 839 720 transmiffus
873 668 979 726 est3
1026 671 1179 720 tertio
1210 667 1431 736 denique
1469 670 1561 722 Ci-
1621 719 1622 722 ,

290 733 446 797 zenfi,
483 753 638 803 quem
663 753 749 803 per
778 735 885 788 Cel.
916 738 998 800 Jo.
1023 735 1562 793 Burcharduijen-

292 806 538 857 ckenium
570 803 916 856 evolvendum
947 803 1089 856 dedit
1115 805 1193 856 Cl.
1218 804 1350 857 Prid.
1375 804 1565 857 Gleits-

292 889 513 927 mannus
553 870 740 926 Red’tor
781 870 1021 924 Cizenfis.
1111 872 1563 934 Hislaccefferunt

293 943 476 1009 Magni
507 938 727 993 Salmafii
773 940 1124 1007 castigationes
1173 938 1237 992 ad
1279 943 1564 1009 marginem

296 1010 434 1061 Sexti
453 1019 664 1064 notatae,
701 1007 752 1060 ἃ
776 1010 917 1060 variae
937 1007 1166 1074 quaedam
1195 1007 1443 1062 lefiiones
1468 1026 1561 1061 co-

293 1076 427 1129 dicis
460 1075 832 1142 Ottoboniani‚
865 1075 1082 1142 quasab
1117 1074 1309 1127 Excell.
1340 1078 1420 1139 Jo.
1449 1080 1558 1140 JaC.

293 1144 567 1198 Mascovio
600 1144 956 1212 impetraverat
989 1143 1145 1195 Andr.
1177 1145 1434 1211 Buttigius
1455 1184 1469 1205 ,
1513 1146 1561 1198 is

294 1213 387 1279 qui
410 1228 508 1263 una
543 1229 665 1263 cum
696 1210 951 1280 Stephano
983 1214 1074 1263 Ber
1111 1210 1246 1279 lero,
1281 1212 1563 1278 utinam-ze-

293 1297 399 1347 que
421 1278 614 1332 casibus
639 1281 749 1331 vitae
771 1296 828 1331 ac
854 1279 1013 1331 literis
1040 1297 1067 1331 c
1090 1295 1202 1345 ar0,
1238 1295 1447 1347 operam
1483 1279 1563 1332 bi-

290 1345 535 1416 bliopolae
561 1344 796 1415 Lipfienfi
817 1349 870 1398 in
901 1346 1208 1413 corrigendo
1232 1350 1386 1399 Sexto
1417 1346 1562 1400 addi-

291 1428 449 1468 xerat.
517 1417 726 1492 Quibus
750 1415 995 1467 omnibus
1019 1414 1084 1467 fic
1105 1413 1419 1467 emaculatus
1442 1432 1566 1485 pro-

296 1484 394 1537 diit
412 1484 729 1551 Pyrrhonicae
755 1482 1029 1551 disciplinae
1052 1483 1317 1551 Magister,
1354 1495 1411 1535 ut
1436 1500 1564 1552 pau-

292 1552 489 1606 ciffima
522 1549 692 1605 futura
726 1548 845 1618 fint,
877 1550 1065 1618 quibus
1105 1549 1266 1603 leetor
1298 1551 1448 1619 poffit
1478 1548 1563 1605 of-
1607 1552 1610 1555 ’

293 1618 456 1674 fendi.
528 1623 654 1672 Sunt
684 1630 914 1687 praeterea
945 1616 1126 1688 finguli
1166 1617 1284 1670 libri
1317 1617 1380 1671 ad
1411 1619 1560 1673 usum

293 1689 649 1740 evolventium
670 1689 725 1739 in
756 1689 1027 1739 continuas
1049 1683 1302 1739 sestiones
1330 1687 1565 1739 minores.

294 1755 518 1809 distin&
530 1774 545 1815 3
570 1764 880 1823 vquanquam
911 1755 966 1807 id
997 1757 1264 1821 impetrare
1298 1753 1561 1807 Fabricius

294 1822 474 1876 absens
497 1840 603 1876 non
625 1826 822 1891 potuit,
858 1834 914 1874 ut
937 1826 1119 1874 veteris
1151 1822 1395 1875 editionis
1419 1823 1562 1891 pagi·
1632 1858 1638 1867 ,

294 1908 370 1944 nae
393 1891 456 1944 ad
477 1895 756 1961 marginem
780 1908 922 1943 novae
946 1890 1189 1942 editionis
1209 1888 1470 1942 collocatae
1481 1907 1562 1941 re-
1602 1896 1605 1957 ζ

292 1960 603 2027 timerentur,
639 1977 804 2026 neque
828 1960 959 2010 utin
982 1957 1154 2010 Indice
1185 1963 1411 2010 recentes
1442 1957 1562 2010 scri-
1585 1967 1603 2010 ἶ

293 2038 468 2097 ptores
491 2044 517 2080 a
539 2028 795 2080 veteribus
819 2026 1018 2079 diverso
1047 2038 1171 2093 typo
1194 2025 1563 2092 distingueren-
1601 2059 1633 2097 ι,

294 2107 398 2154 tur,
411 2093 555 2162 quod
567 2107 771 2162 utrumq
779 2113 840 2147 ue
854 2093 1197 2146 Gleditschius
1221 2094 1373 2144 nitori
1388 2078 1579 2161 operis'
1600 2094 1601 2145 3

295 2158 644 2216 detrai'curum
667 2165 877 2230 putavit.
918 2162 1266 2228 Interpretatio
1282 2160 1431 2213 latina
1444 2159 1562 2228 plu·-
1598 2160 1601 2229 J

295 2232 443 2283 rimis
454 2233 508 2282 in
521 2229 650 2293 locis
664 2231 928 2283 emendata
943 2229 1027 2282 est.
1042 2233 1099 2281 In
1110 2231 1249 2282 notis
1262 2241 1432 2281 autem
1443 2227 1562 2280 sub-
1592 2246 1600 2267 ‘2

296 2297 488 2364 jund‘ris
529 2297 779 2351 vocabula
813 2298 863 2351 ἃ
897 2296 1181 2354 ᾶίἑὶίοηεε,
1219 2295 1564 2364 Philosopho-
1595 2330 1597 2354 2
1635 2295 1638 2303 “

296 2381 414 2419 rum
447 2364 598 2423 sestis
628 2366 771 2420 sacrae
792 2406 810 2433 ‚
852 2365 903 2419 ἃ
937 2368 994 2420 in
1014 2365 1224 2419 Lexicis
1255 2366 1440 2429 minus?
1461 2362 1560 2442 qb-
1587 2366 1597 2406 λ’
1622 2407 1625 2411 «

1462 2448 1556 2485 via:
1574 2451 1595 2486 A
