1638 2678
125 588 282 628 'Hamus

126 645 235 683 πθθ-

120 699 262 760 γᾷιησ-

124 769 199 795 nn.

1616 0 1638 58 l

318 130 416 180 242
787 120 1096 174 CVPERvs.

317 254 650 319 ἔνυφοισμὲνες,
685 249 928 302 habentem
944 253 1139 319 fruHus
1180 253 1413 313 intextos,
1448 257 1498 309 ἃ
1521 254 1586 316 ad

316 320 618 388 πλεμοιςικόν,
639 317 721 371 vel
738 320 1030 386 plumarium
1041 334 1154 386 opus
1165 319 1447 390 decurrere,
1460 341 1585 378 cum
1622 374 1624 378 ,

315 388 562 457 uocemue-35
596 387 739 455 χιτών
770 386 828 440 fit
858 389 1030 439 tunica
1061 387 1344 441 manuleata
1368 433 1384 457 ‚
1431 393 1582 458 cujus

314 458 524 507 manicae
546 456 608 508 ad
631 473 713 507 car
751 472 810 508 os
830 472 1080 508 manuum
1098 455 1200 508 sele
1211 458 1583 515 extendebant?

315 523 395 574 Ex
416 522 525 576 ead.
549 523 710 592 episto
730 540 771 577 a.

380 590 557 659 „Mifit
578 591 641 644 ad
664 609 747 645 me
767 593 971 644 Lutetia
995 587 1295 646 Parisiorum
1311 592 1582 648 Anselmus

314 659 599 713 Bandurius
622 659 919 713 Monachus
939 659 1300 714 Benedidlinus
1314 679 1582 730 argumen-

315 738 428 781 tum
452 727 570 780 libri
590 746 745 794 quem
766 725 1012 796 infignem
1045 740 1181 796 parat
1211 731 1276 781 de
1296 732 1583 796 Antiquita-
1628 747 1638 768 κ·

310 796 454 850 tibus
476 795 789 865 Cpolitanis,
822 811 943 848 cum
965 795 1154 862 quibus
1178 799 1264 848 vix
1297 800 1582 867 comparari
1608 769 1638 902 ἰ]

308 877 552 934 poterunt
575 863 672 917 illae
691 881 816 931 quas
839 865 1164 934 Ducangiu8‚
1199 864 1322 917 licet
1342 865 1577 919 eruditis·
1628 888 1638 935 2

306 932 440 989 ‘fimae
461 931 578 999 fint,
610 932 807 1002 publici
828 932 955 997 juris
976 928 1116 984 fecit.
1187 935 1435 1008 Qinque
1471 931 1580 987 fere
1605 938 1635 983 Α

305 1018 592 1056 numorum
637 1000 799 1053 millia
848 1011 992 1052 antea
1025 998 1215 1053 inedita
1259 1001 1583 1055 exornabunt
1606 985 1635 1094 23³

312 1087 475 1139 opus,
511 1085 611 1138 ego
635 1085 662 1122 a
694 1066 939 1136 symbolis
970 1064 1076 1134 fui,
1113 1067 1163 1120 ἃ
1195 1071 1580 1124 communicavi
1603 1049 1631 1138 (ς

294 1156 436 1192 (ωσι
470 1153 537 1190 eo
570 1135 817 1206 pauculos
854 1152 1125 1201 numm08‚
1170 1139 1260 1203 qui
1294 1154 1400 1189 non
1430 1087 1626 1452 planes³

309 1204 618 1276 respondent
639 1205 939 1274 Cangianis;
974 1204 1060 1256 sed
1092 1203 1234 1270 quod
1266 1208 1580 1274 praecipuum

307 1275 410 1342 est,
443 1272 759 1343 suppeditavi
806 1273 1014 1324 Graecum
1055 1273 1417 1339 Imperatorem,
1463 1272 1577 1326 aliis

311 1342 560 1397 omnibus
588 1353 836 1408 quantum
868 1338 1109 1406 equidem
1151 1339 1258 1392 scio
1302 1339 1597 1409 indictums⁷

313 1411 578 1476 Theopanes
589 1420 815 1470 vocatur,
838 1407 1169 1478 poffideoque
1180 1409 1289 1474 ejus
1304 1426 1578 1463 nummum
1588 1411 1600 1461 f

310 1479 719 1549 pulcherrimum
739 1477 788 1529 ἃ
820 1477 1222 1544 integerrimum.
1291 1475 1579 1531 Plurimum
1606 1483 1638 1547 j;

311 1547 413 1600 tibi
435 1545 628 1603 debeo,
660 1542 695 1598 fi
714 1543 840 1611 quid
862 1543 993 1596 lucis
1013 1542 1090 1594 illi
1104 1543 1335 1612 Augusto
1350 1543 1555 1598 affunde
1576 1604 1578 1607 ,
1608 1552 1611 1558 ’

313 1632 368 1670 re
392 1614 571 1684 poffis:
593 1655 626 1681 „
690 1615 928 1665 Daventr.
950 1610 1000 1663 d.
1022 1630 1095 1663 10.
1108 1610 1248 1663 Febr.
1269 1623 1407 1676 1708.

360 1720 412 1739 .,,
422 1680 714 1749 Theophanes
741 1677 975 1746 Augustus
994 1679 1125 1730 mihi
1147 1677 1254 1732 fere
1285 1697 1314 1731 e
1335 1678 1545 1732 manibu

308 1763 512 1819 ereptus
536 1749 605 1802 est
628 1747 690 1801 ab
712 1747 892 1800 illustri
914 1747 1222 1801 Leibnitzio.
1290 1750 1423 1800 Nam
1454 1765 1518 1800 cu
1577 1791 1580 1794 ,
1604 1758 1605 1761 ’

307 1821 423 1872 viro
444 1832 548 1871 tam
565 1815 800 1885 praeclaro
820 1831 1022 1884 egeram
1040 1814 1105 1867 de
1125 1814 1314 1867 eodem
1340 1832 1548 1867 numm

307 1888 452 1954 isque
472 1884 604 1938 mihi
626 1882 939 1953 significavit,
978 1881 1362 1935 nonesseinillo
1374 1882 1558 1950 pitstuia
1589 1885 1599 1927 Ι

307 1948 670 2024 Imperatorem
691 1950 777 2004 sed
796 1949 1056 2017 Augustam
1083 1949 1458 2016 Theophanonem
1469 1954 1548 2004 Ro
1585 1981 1595 2001 ι

307 2025 447 2077 mani
474 2022 703 2085 Junioris
733 2019 1026 2087 conjugem.
1089 2016 1280 2089 [Vultus
1306 2015 1413 2070 fere
1434 2017 1551 2072 dele*
1580 2036 1599 2075 'e

305 2103 389 2145 tus
423 2090 472 2143 ἃ
506 2090 756 2141 contritus
785 2084 908 2139 facit
927 2128 943 2153 ,
977 2096 1035 2137 ut
1063 2084 1183 2138 inde
1214 2099 1514 2152 argumentu
1548 2110 1556 2134 ι

303 2159 503 2212 sumere
526 2173 629 2208 non
654 2154 927 2225 posthum,
964 2153 1016 2206 ὅτ
1045 2171 1166 2206 cum
1185 2152 1392 2219 reliqua
1426 2152 1563 2206 orn'
1590 2179 1593 2189 1

304 2239 475 2281 menta
499 2222 591 2279 {int
610 2227 976 2290 Imperatorum
989 2223 1207 2290 propria,
1243 2221 1484 2289 putabam
1495 2224 1548 2275 vi
1569 2251 1589 2261 -

303 2293 592 2348 rum-nobis
605 2290 852 2344 exhiberi.
921 2292 1074 2342 Nunc
1086 2288 1176 2340 ubi
1188 2287 1452 2342 confidero
1464 2294 1548 2343 Au
1567 2317 1571 2320 -
1585 2295 1588 2329 ἒ
1602 2288 1606 2320 ¹²

304 2358 470 2432 g'ustas
499 2362 655 2415 etiam
682 2360 739 2413 in
766 2359 996 2413 nummis
1021 2355 1310 2430 Cpolitanis
1330 2356 1504 2412 manib
1554 2370 1606 2414 ῑ·”

1429 2437 1604 2482 ten-iv
