1638 2678
300 98 484 155 FABR.
518 95 910 154 Pnornsson.
945 97 1164 154 HAMB.
1298 120 1365 166 ι,

85 219 282 293 Ιίὶβονέιε
307 235 366 285 Lo
399 233 503 288 icae,
533 246 640 282 cum
662 228 1013 298 Qinquagena
1042 229 1250 294 Dnfium
1272 234 1364 283 Lo-

80 300 302 366 gicarum
326 250 852 365 jMetaphylicarum,
886 300 961 350 M.
987 297 1223 365 Augustus
1244 300 1364 351 Wol-

72 370 214 436 fius,
249 366 416 422 Facul.
439 364 629 420 Philoll
657 363 1055 435 Wittebergenfi
1067 365 1361 435 Adjundius

88 435 138 488 d.
168 457 190 501 3
206 456 243 490 ι.
266 438 375 500 Jan.
399 433 683 500 Post‘tionum
706 434 1196 501 Metaplgylicarum&
1211 438 1363 488 Pnev-

87 506 372 557 maticarum
408 502 724 556 Dodecadem.
752 501 833 555 M.
856 501 1142 566 Sebastianus
1175 503 1363 557 Edzar-

12 604 14 639 J
86 574 212 629 dus,
265 575 376 626 Fac,
411 570 600 625 Philon
637 570 857 623 Witteb.
901 568 1191 638 Adjundius
1230 572 1276 626 d.
1311 592 1361 639 7.

10 651 13 676 ἐ
89 639 231 693 Febr.
273 639 439 705 Thesbs
471 642 664 706 Logicas
696 637 749 700 ες
774 639 1116 706 Metaphylicas
1138 658 1167 693 e
1191 640 1363 695 cathe-

10 762 11 768 ,
88 707 175 762 dra
201 706 455 777 Gymnafii
477 707 631 760 nostri
652 703 899 760 defendit.
968 706 1066 760 Sed
1087 725 1208 761 cum
1240 727 1362 779 praa·-

10 769 11 778 ’
86 779 237 847 cipua
273 777 488 830 Fabricii
522 788 673 843 atque
706 773 921 828 Edzardi
952 774 1071 829 esset
1102 776 1364 848 exspecsta-

84 847 191 909 tio,
226 845 382 915 sparta
407 848 459 898 in
485 844 844 918 suffragiorum
878 845 1086 913 paritate
1119 845 1243 898 sorti
1276 847 1364 901 ad·

87 913 358 982 judicanda
383 914 715 980 relinquitur,
748 930 856 981 quae
891 909 1019 966 favit
1040 926 1153 969 tum
1176 913 1363 970 Edzar·

5 1021 7 1041 ,
86 981 158 1036 do
181 982 230 1036 d.
253 1001 298 1048 7.
321 985 514 1036 Martii.
587 981 786 1034 Eodem
815 998 939 1034 vero
971 985 1126 1036 Anno
1165 986 1362 1036 Vincen-

0 1044 7 1086 ³?
86 1052 176 1103 tius
203 1052 416 1103 Placcius
445 1054 488 1115 J.
511 1052 584 1105 U.
608 1053 667 1102 L.
702 1049 1017 1116 Eloquentiae
1047 1050 1097 1104 ἃ
1128 1050 1362 1107 Philoso-

86 1118 218 1187 phiae
239 1118 470 1173 Prasticae
493 1115 744 1172 Profeffor
765 1117 1087 1186 digniffimus
1119 1122 1358 1175 moritur.

3 1183 4 1206 ³
88 1189 136 1241 Is
159 1200 380 1240 mortem
401 1188 543 1239 suam
557 1187 1047 1255 appropinquantem
1063 1188 1260 1256 videns,
1274 1189 1362 1243 die

91 1276 135 1318 ς.
162 1258 270 1318 Jan.
303 1255 424 1308 dato
456 1254 518 1307 ad
551 1253 884 1307 Scholarchas
916 1254 1096 1308 libello
1125 1256 1362 1327 supplici,

1 1331 2 1349 ¹
85 1326 163 1377 M.
187 1325 438 1390 Georgium
463 1323 767 1390 Rbphelium,
804 1324 1055 1392 Superint.
1078 1322 1239 1379 hodie
1251 1329 1361 1380 Lu-

85 1391 252 1445 nebur
286 1391 456 1444 ensem
479 1433 494 1458 ,
539 1390 691 1444 editis
719 1389 782 1443 ad
804 1393 867 1445 N.
891 1393 959 1444 T.
989 1391 1362 1450 observationi-

86 1458 187 1513 bus
214 1462 258 1514 C
281 1459 574 1521 adffinmm,
600 1457 943 1513 Succefforem
956 1457 1045 1514 fibi
1060 1460 1363 1531 eligendum

87 1528 535 1581 commendaverat
567 1528 668 1594 (e).
697 1578 701 1583 .
753 1529 953 1598 Nempe
979 1529 1214 1585 Fabticio
1246 1534 1361 1603 sue„

86 1609 145 1649 ut
165 1609 276 1650 tum
301 1596 411 1665 spes
434 1595 677 1664 affulgere
709 1595 976 1649 videbatur
994 1639 1011 1665 ‚
1053 1599 1155 1665 jam
1188 1603 1361 1665 certis÷

83 1663 205 1718 fime
237 1664 533 1718 consultum
567 1663 831 1732 credebat,
865 1668 976 1718 imo
1006 1683 1198 1721 munus
1233 1672 1358 1723 Pro-

82 1731 280 1787 fefforis
302 1735 507 1801 Logicae
529 1749 586 1786 ac
608 1732 982 1802 Metaphyficae
1002 1735 1104 1801 jam
1134 1739 1356 1807 gratula-

82 1813 167 1856 tus
189 1815 309 1856 erat.
377 1802 478 1856 Sed
493 1818 614 1855 cum
633 1817 712 1860 tes
734 1801 879 1856 aliter
900 1803 1174 1875 cecidisset,
1211 1809 1363 1878 quip-

1294 1893 1361 1946 pe

135 1984 193 2034 (e)
220 1985 263 2023 Id
286 1997 334 2023 eo
355 1983 610 2024 confidentius
641 1983 767 2025 facere
789 1996 942 2042 poterat
956 1988 1027 2026 Vir
1045 1991 1238 2039 egregius,
1249 1986 1361 2044 quod

237 2037 446 2079 nonsolum
475 2040 613 2091 infigni
642 2037 769 2091 legato
804 2043 1031 2097 pecuniario
1071 2043 1119 2083 de
1150 2044 1359 2092 Gymnaflo

236 2097 395 2150 eiusque
413 2098 614 2145 juventute
640 2095 738 2136 bene
757 2099 919 2137 meritus
943 2106 1048 2147 erat,
1077 2098 1141 2139 sed
1173 2103 1210 2140 ἀ
1241 2114 1358 2156 appa·

235 2160 362 2190 ratum
392 2149 500 2191 suum
530 2149 731 2191 librarium
766 2151 1017 2193 Bibliothecae
1049 2153 1212 2209 publica:
1253 2154 1355 2207 lega-

232 2216 365 2251 verat;
393 2206 502 2250 (vide
520 2208 650 2254 Vitam
669 2209 781 2248 Vine.
815 2207 951 2249 Placcii
980 2211 1164 2249 Theatro
1193 2213 1352 2259 Anony-

234 2275 390 2301 morum
410 2264 448 2302 ἀ
468 2261 827 2309 Pseudonymorum
849 2264 1076 2320 praemissam
1097 2279 1119 2304 a
1139 2266 1357 2316 Fabricio.)

232 2315 335 2357 unde
363 2315 527 2373 scriptos
559 2332 676 2358 manu
704 2317 770 2359 sua
798 2318 924 2359 libros
950 2317 1109 2360 laudato
1146 2321 1358 2377 Raphelio,

231 2372 423 2427 percharo
453 2374 524 2415 fibi
554 2372 785 2432 Discipulo,
816 2373 986 2416 edendos
1015 2377 1058 2417 in
1090 2375 1217 2418 lucem
1248 2391 1356 2420 com·

230 2426 398 2470 miserat.
