1638 2678
276 136 368 187 182
438 128 600 182 BIBL.
636 129 807 180 MED.
844 126 940 181 ET
976 129 1104 182 INF.
1138 128 1376 182 LATIN.

392 274 863 361 Argumentum.
954 290 1139 345 Noluit
1168 293 1298 359 ,Vir>
1336 290 1546 358 beatus,

274 363 437 431 perire
471 380 580 429 quae
613 363 714 428 jam
750 378 777 414 a
810 358 1137 430 quadraginta
1171 358 1278 413 fere
1301 360 1446 412 annis
1482 358 1547 411 de

274 430 454 483 mediae
478 448 536 482 ac
564 430 749 483 infimae
788 431 944 481 aetatis
974 429 1343 497 Scriptoribu8‚
1377 426 1549 479 indice

273 499 502 567 quodam
531 497 768 567 impreffo
804 497 955 563 usuS,
984 496 1284 567 collegerat,
1317 496 1438 548 licet
1473 494 1548 547 se-

274 580 423 619 xtum
446 567 548 632 jam
574 567 623 619 &
649 564 1010 633 sexagessmum
1046 568 1213 634 agenti
1245 581 1435 618 annum
1466 579 1546 631 ag-

252 633 584 705 grediendus
617 633 734 687 effet
767 634 946 703 labor,
1002 637 1239 687 omnium
1272 649 1406 700 quos
1453 649 1548 683 un·
1613 663 1621 698 3

275 720 429 770 quam
442 702 712 756 scribendo
726 700 1001 754 exantlavit
1023 702 1550 755 molestiffimus.Tre-·

276 772 447 824 decim
496 787 655 841 prope
689 770 988 823 saeculorum
1036 774 1341 823 memoriam
1383 768 1550 821 litera-

275 842 419 907 riam,
445 841 603 906 usque
625 838 687 891 ad
717 851 911 891 renatas
937 838 1135 894 literas,
1172 838 1353 890 ordine
1377 836 1550 904 alpha-

275 908 450 961 betico
476 907 820 976 persequitur,
856 924 911 959 ea
935 924 1044 974 quae
1067 910 1119 958 in
1143 905 1464 958 Bibliotheca
1481 903 1550 955 la·
1613 909 1625 954 ⁷.

275 978 381 1029 tina
407 977 589 1028 veteris
621 978 712 1027 aevi
739 975 804 1027 de
837 975 1063 1044 patribus
1087 972 1314 1027 Ecclefiae
1352 973 1551 1025 dixerat

276 1044 366 1097 hic
397 1054 596 1095 tantum
638 1042 885 1096 ‘brevibus
921 1057 1153 1110 repetens
1189 1041 1547 1111 supplensque.

278 1114 541 1165 Coeterum
564 1110 855 1163 Historicos
877 1127 973 1178 pra:
1007 1110 1218 1176 reliquis
1252 1110 1551 1176 diligentius

278 1178 558 1234 confidet-at
601 1178 836 1232 Voffium
871 1177 1222 1246 suppleturu8‚
1269 1177 1462 1244 ubique
1494 1178 1551 1228 in

277 1248 475 1316 scriptis
490 1245 779 1300 Austorum
806 1246 1125 1299 recensendis
1139 1248 1416 1298 maximam
1431 1261 1551 1314 ope-

277 1333 385 1369 ram
408 1315 619 1383 ponit&
640 1314 889 1367 led’corem
913 1314 975 1367 ad
998 1317 1253 1382 genuinos
1278 1310 1449 1366 fontes
1474 1330 1552 1365 re·
1610 1367 1613 1373 Δ

278 1386 453 1437 mittit.
526 1383 770 1451 Inspergit
812 1384 968 1435 etiam
1010 1383 1134 1434 hinc
1169 1381 1289 1433 inde
1325 1382 1550 1434 eruditas

280 1452 662 1506 observationes
712 1450 959 1503 historico
987 1481 1008 1490 -
1043 1449 1285 1502 literarias
1323 1450 1373 1502 ἃ
1417 1447 1551 1517 frag·
1603 1503 1607 1509 ,

279 1532 449 1574 menta
482 1517 690 1587 insignia
725 1517 1032 1574 Aufiorum.
1113 1520 1344 1570 Renovat
1380 1529 1554 1570 autem

280 1589 370 1641 hic
393 1588 497 1657 ipse
520 1586 650 1639 liber
673 1586 918 1640 omnibus
945 1585 1190 1655 probatus
1214 1585 1451 1638 dolorem
1486 1586 1560 1638 ex'

281 1656 497 1710 Fabricii
523 1655 672 1708 obitu
695 1665 1006 1722 conceptum
1027 1665 1170 1705 tanto
1183 1655 1375 1723 magis,
1411 1651 1555 1720 quod
1600 1662 1602 1666 ’

280 1721 596 1792 inperfestus
620 1725 675 1775 in
699 1725 897 1792 Poggio
920 1719 1159 1788 subfistit,
1190 1721 1300 1774 telae
1325 1734 1552 1774 extrema

278 1792 369 1846 ‘alii
397 1791 571 1844 nescio
591 1793 675 1844 cui
699 1789 1003 1859 pertexenda
1035 1789 1346 1857 relinquens,
1417 1793 1553 1842 Nam

281 1859 425 1930 quod
438 1858 610 1911 indice
622 1859 850 1926 quodam
870 1876 992 1911 eum
1012 1857 1158 1910 usum
1173 1857 1271 1910 effe
1284 1857 1413 1924 dixi,
1447 1874 1555 1910 non

281 1932 353 1981 ita
385 1926 706 1979 intelledium
738 1927 922 1992 velim,
958 1924 1092 1992 quafi
1124 1925 1249 1978 huic
1283 1922 1501 1978 collexsta
1524 1941 1553 1977 a

278 1996 333 2049 se
369 1994 706 2063 adscripserit,
751 1994 804 2047 id
838 1994 981 2061 quod
1014 1994 1155 2061 spatii
1188 2010 1278 2060 per
1309 1993 1358 2045 se
1394 2010 1554 2062 angu-

281 2063 426 2116 stiam
448 2079 555 2115 non
574 2065 676 2131 pati
703 2062 922 2129 quilibet
944 2060 1095 2114 facile
1128 2062 1382 2128 agnoscit3
1417 2060 1555 2114 nuda
1595 2084 1600 2085 ⁷

280 2131 398 2185 sunt
420 2132 628 2184 nomina
651 2133 880 2183 virorum
895 2167 912 2187 ‚
945 2147 1055 2196 quae
1078 2129 1321 2197 adscripta
1337 2130 1555 2197 reperio,

282 2196 485 2264 adjefio
519 2196 776 2250 interdum
808 2197 930 2251 teste
964 2214 1072 2250 uno
1094 2197 1332 2250 alterove.
1405 2199 1555 2250 Cete-

257 2273 333 2319 -ra
358 2265 492 2319 unde
514 2265 728 2335 petenda
760 2264 915 2318 essent
933 2308 948 2335 ‚
977 2264 1060 2318 vel
1095 2265 1187 2318 ubi
1223 2263 1556 2333 congeffiffet‚

284 2335 392 2406 ipse
417 2335 665 2389 memoria
677 2333 909 2400 tenebat3
946 2332 1083 2388 unde
1101 2345 1351 2402 quantum
1363 2333 1554 2455 effelilus
1590 2349 1602 2363 2

1435 2417 1462 2454 c
1503 2417 1554 2454 e-
