1638 2678
297 158 323 190 2
335 156 355 190 1
366 148 391 197 8
755 143 1106 197 AYRMANN.

298 294 360 329 rae
389 295 524 329 nunc
558 294 679 331 meae
713 279 974 333 commissa
1004 279 1089 333 est.
1158 278 1393 332 Absolvit
1414 298 1552 350 pror·

295 347 380 399 sus
401 345 621 398 eruditas
645 347 694 399 δι
718 346 904 400 laboris
925 347 1094 417 plenas
1117 348 1172 400 in
1184 346 1555 416 Alciphronem

293 427 469 480 notaS,
504 413 751 483 aggreffus
777 415 1029 483 postremo
1051 415 1120 468 est
1139 418 1554 484 Lucianum,nec

295 497 455 551 pauca
488 482 628 536 hunc
659 485 712 535 in
743 484 896 536 finem
919 483 1105 536 chartis
1129 482 1396 551 commifit,
1430 484 1553 538 illu·
1623 511 1638 526 ·1

295 549 465 602 stravit
509 568 612 603 non
649 567 825 619 parum
859 550 1202 604 Heliodorum
1252 553 1552 620 Graecosque

293 616 390 672 scri
428 631 561 672 tores
584 619 742 686 alim,
776 636 908 686 quos
942 631 1166 672 extrema
1198 631 1337 673 aetate
1367 620 1549 675 diurna

294 702 366 739 no
423 704 645 754 urnaque
668 686 877 739 versavit
898 705 1065 754 manu,
1098 687 1254 756 spreta
1277 705 1549 757 propemo-
1615 727 1618 731 -

292 754 600 822 dum‚quam
614 757 751 824 prius
774 757 942 823 magni
964 753 1175 822 fecerat,
1198 756 1548 810 Rabbinorum
1634 775 1638 806 :·

291 822 344 875 ἃ
367 822 708 875 Orientalium
732 823 1034 876 eruditione.
1103 827 1262 876 Porro
1282 842 1347 876 ex
1360 824 1548 879 Uffen-
1632 840 1635 887 j

289 890 536 944 bachiana
553 890 868 944 Bibliotheca
890 892 1095 944 codices
1116 891 1393 944 nonnullos
1406 896 1547 945 MSS.
1631 919 1633 965 ἑ

282 960 352 1011 ¹in
373 958 512 1011 suam
535 961 706 1025 Majus
729 959 975 1025 traduxit,
1007 958 1170 1026 qualis
1203 959 1271 1011 est
1290 959 1546 1014 Athanafii
1630 977 1633 1006 ὲ

293 1029 499 1079 Comm.
511 1029 565 1079 in
577 1026 1118 1093 Plalm08‚Apollinarii
1130 1026 1358 1096 Paraphr.
1370 1028 1545 1081 Psalm.

289 1111 413 1147 curn
435 1094 546 1148 aliis
566 1112 673 1161 quae
695 1095 929 1150 recenfita
951 1095 1012 1147 ab
1033 1111 1097 1147 eo
1127 1095 1241 1147 sunt
1269 1097 1324 1146 in
1342 1095 1542 1149 Catalo-
1627 1150 1629 1155 ,

287 1179 358 1230 go
380 1166 518 1215 MSS.
541 1162 752 1217 Uffenb.
774 1176 895 1231 P·48
909 1183 946 1214 1.
965 1161 1014 1215 ff.
1037 1174 1149 1215 tum
1175 1163 1544 1231 Apographum

287 1243 578 1283 accuratum
612 1230 661 1282 ἀ
693 1247 719 1282 a
751 1233 894 1297 Majo
926 1248 1046 1283 cum
1075 1231 1186 1283 aliis
1210 1234 1349 1283 MSS.
1381 1230 1542 1284 colla·
1583 1296 1595 1302 -
1622 1244 1627 1308 j

284 1309 416 1364 tum,
450 1298 804 1365 emendatum,.
827 1298 1143 1365 utilibusque
1165 1300 1301 1350 notis
1314 1298 1540 1368 audium,
1637 1339 1638 1364 ÷

283 1366 484 1419 ineditae
516 1365 842 1435 Anthologiae
874 1370 1161 1425 Graecorum
1192 1367 1542 1435 Epigramma·
1620 1407 1621 1412 ,

283 1444 421 1500 tum,
455 1433 619 1501 qualis
642 1434 837 1487 ibidem
859 1451 1066 1501 quoque
1089 1446 1540 1502 commemoratur,
1619 1470 1623 1491 ι

282 1499 335 1554 ἃ
356 1503 502 1568 cujus
526 1501 770 1555 nonnulla
795 1503 1065 1571 specimina
1087 1501 1298 1554 antehac
1333 1501 1541 1570 evulga-

281 1571 370 1621 vit.
437 1572 614 1622 Inveni
637 1573 767 1622 inter
797 1571 891 1623 alia
923 1570 1077 1622 etiam
1107 1586 1255 1622 exem
1292 1567 1402 1621 lum
1429 1573 1537 1623 MS.

279 1636 762 1705 elegantiffimorum
798 1639 1228 1707 Epigrammatum
1278 1638 1538 1692 atinorum

277 1706 334 1756 in
354 1708 463 1758 XII.
488 1717 650 1775 partes
674 1703 920 1758 menfium
953 1703 1132 1757 ordine
1166 1703 1536 1758 distinctorum.

276 1772 494 1825 Videtur
513 1772 688 1826 audior
700 1774 810 1839 ejus
821 1771 965 1825 fuiffe
984 1771 1136 1824 Italus
1151 1772 1200 1824 ἃ
1217 1771 1389 1826 seculo
1399 1775 1536 1826 XVI.

273 1841 487 1894 ineunte
517 1839 706 1894 vixiffe.
797 1845 854 1892 In
884 1852 1089 1910 promtu
1129 1841 1254 1892 item
1283 1839 1355 1893 est
1384 1851 1533 1894 vetus
1598 1866 1601 1867 ⁷

275 1907 444 1960 codex
474 1909 887 1962 membranaceus
919 1906 1150 1976 infigni8‚
1197 1908 1287 1974 qui
1317 1908 1545 1974 quidem·

273 1976 555 2029 Historiam
584 1978 640 2028 in
671 1976 720 2029 se
764 1978 993 2028 continet
1031 1973 1376 2044 expeditionis
1406 1977 1534 2029 Hie-

271 2042 643 2111 rosolymitanae
685 2046 856 2113 primae
908 2055 1190 2097 accuratam
1243 2042 1295 2095 Gt
1349 2045 1546 2112 copie--

268 2111 416 2179 sam,
470 2111 784 2179 eandemque
837 2111 1052 2164 fortaffis
1106 2127 1228 2163 cum
1276 2109 1364 2162 illa
1420 2126 1533 2189 qua}
1578 2124 1638 2173 Ἡ

268 2178 364 2232 sub
399 2181 609 2232 nomine
647 2179 857 2233 Roberti
890 2177 1140 2232 Monachi
1176 2173 1230 2229 in
1274 2175 1537 2247 Bongarfil·

266 2245 599 2314 scriptoribus
623 2249 872 2306 occurrit;
907 2247 995 2300 sed
1027 2245 1183 2298 video
1216 2243 1373 2311 hujus
1402 2261 1530 2312 qua-

265 2326 387 2366 tuor
402 2325 598 2368 tantum
617 2314 822 2384 allegari
843 2314 1021 2382 librm,
1051 2330 1171 2366 cum
1183 2311 1351 2365 codex
1364 2312 1529 2366 adde·
1576 2382 1584 2385 ‚

262 2383 462 2437 cimum
488 2382 646 2452 usque
664 2381 1006 2453 protendatur.
1015 2423 1049 2450 ‚,
1114 2383 1191 2434 Ex
1214 2379 1395 2436 eadem
1416 2381 1527 2448 epi-

261 2448 403 2504 stola.
1358 2448 1521 2504 DAN.
