1638 2678
527 134 903 192 DEFoREsT.
1250 149 1348 202 247

32 272 118 326 'sti
151 271 430 337 hassrrnns,
460 270 639 326 studiis
671 284 821 324 natus
854 286 910 323 es
937 310 953 336 ‚
997 268 1075 320 vir
1106 266 1335 321 Praestan-

57 341 271 408 fissime,
302 341 352 394 ἀ
374 358 483 409 quae
508 339 641 395 mihi
674 339 739 393 de
768 352 857 392 tua
884 338 1228 404 humanitate,
1265 333 1337 388 le-

94 408 240 462 endis
273 411 378 462 tuis
413 408 555 462 libris
587 413 836 478 concepta
872 407 1057 477 opinio
1085 405 1180 472 est,
1227 420 1335 457 non

57 426 246 531 {ubito
265 480 391 545 quin
415 476 469 530 id
483 494 508 531 a
521 489 571 530 te
592 479 863 546 impetrem
877 473 1020 542 quod
1116 472 1264 540 stuli),
1277 483 1337 524 ut

57 545 93 601 fi
115 546 242 614 quid
264 545 345 598 vel
367 547 421 598 in
445 559 614 599 mente
627 545 707 598 vel
731 549 785 597 in
808 543 1008 596 mundo
1035 490 1339 608 fftibimn-

59 613 125 668 de
145 616 373 669 ornatior
394 613 504 667 fieri
528 613 678 683 poffit
698 616 903 666 Nonius
930 612 980 665 ἃ
1005 610 1201 677 utilior,
1227 627 1341 663 me-

63 700 186 736 cum
219 682 338 736 beni
375 699 439 736 ne
487 684 931 736 communicatum
971 680 1117 734 velis.
1210 679 1337 746 Ejus

61 749 319 819 exemplar
339 701 498 804 flabes
519 763 575 803 ut
600 763 735 820 parte
759 772 800 802 2.
823 748 1159 819 supplementi
1174 759 1340 817 p.602.

59 817 338 889 fignifica8‚
359 837 481 873 cum
511 823 618 873 MS.
650 819 881 872 Palatino
915 817 1164 871 collatum
1196 833 1222 868 a
1247 819 1339 868 Pa-

18 939 19 943 ,
60 905 185 941 raeo:
223 888 438 941 alterum
460 890 585 941 item
607 888 710 952 ιΙοίῖ
737 886 978 955 Scaligeri
999 903 1155 939 manu
1177 884 1340 937 colla-

61 968 174 1010 tum
197 974 319 1010 cum
341 956 550 1010 duobus
574 960 713 1010 MSS.
735 954 1061 1023 Codicibus‚-
1081 954 1131 1007 δι
1153 970 1178 1007 a
1203 954 1341 1022 capi·
1402 988 1406 995 =

18 1040 19 1065 ἐ
60 1037 113 1079 te
141 1024 204 1078 ad
243 1025 436 1078 calcem
467 1024 702 1095 pluribus
734 1024 966 1092 ejusdem
1003 1022 1342 1091 castigationi·

60 1091 161 1147 bus
182 1093 232 1146 δι
252 1095 506 1147 annotatis
531 1092 745 1146 intulisti
770 1095 823 1144 in
847 1091 1225 1145 Bibliothecam
1236 1093 1342 1142 Ve-

18 1228 19 1231 ,
61 1160 268 1216 nerand.
305 1165 368 1214 D.
400 1165 443 1226 J.
471 1161 713 1215 Friderici
746 1161 971 1225 Mayeri,
1007 1172 1065 1213 ut
1095 1175 1260 1212 narras
1287 1175 1340 1228 p.

61 1241 179 1296 767.
203 1235 252 1282 B.
276 1233 333 1283 L.
357 1230 412 1283 id
432 1230 648 1283 arbitror
672 1246 778 1281 non
816 1228 912 1282 esse
946 1229 1192 1298 scriptum
1226 1244 1252 1279 a
1287 1239 1344 1279 te

62 1296 242 1354 frustra
263 1316 279 1358 ;
303 1297 416 1355 „sed
461 1300 707 1351 nimirum
751 1296 1030 1351 admonere
1085 1295 1342 1348 studiosos

62 1366 314 1424 voluisti,
362 1379 527 1436 parata
557 1365 666 1420 haec
709 1367 764 1418 in
810 1382 1095 1418 commune
1122 1362 1343 1434 pra-’fidia

63 1434 186 1493 esse,
218 1433 255 1488 fi
277 1439 393 1502 quis
420 1451 632 1488 manum
655 1433 895 1487 admoliri
933 1436 1112 1486 Nonio
1146 1435 1347 1502 cogita·

63 1515 156 1558 ret.
226 1503 413 1578 Qaeso
448 1515 498 1556 te
529 1521 619 1572 per
650 1515 792 1556 tuam
823 1502 1199 1566 eruditionem,
1231 1504 1346 1554 exi-

62 1574 169 1627 mie
195 1573 421 1632 Fabrici3
450 1570 611 1625 facito
632 1571 775 1639 quod
799 1571 886 1624 ista
913 1570 1130 1640 dignum
1162 1577 1345 1622 huma-

63 1643 223 1695 nitate
260 1639 346 1694 est.
418 1639 693 1716 Qidquid
723 1639 830 1693 istis
876 1657 1027 1692 exem
1065 1637 1256 1692 laribus
1293 1637 1346 1690 ἃ

65 1721 163 1762 tuo
184 1708 234 1761 ὅ(
258 1712 557 1776 Mayeriario
595 1707 884 1778 adspersum
916 1707 988 1761 est
1106 1718 1348 1759 notarum

33 1840 37 1847 Ι
69 1778 122 1831 ἃ
157 1779 410 1830 variarum
431 1775 718 1831 lectionum
742 1819 759 1844 ‚
792 1776 914 1843 jube
955 1774 1017 1829 ab
1051 1774 1226 1844 aliquo
1258 1773 1348 1827 de-

65 1845 262 1904 scribi,
298 1846 350 1899 &
383 1844 490 1900 huc
523 1846 810 1899 transmitte
846 1858 904 1898 ut
926 1845 981 1897 in
1004 1843 1153 1898 usum
1176 1845 1347 1896 veniat

67 1913 458 1982 Studiosorum,
490 1914 541 1967 ἃ
564 1914 628 1968 ad
650 1931 746 1967 vos
771 1931 877 1967 non
897 1911 998 1967 fine
1009 1912 1157 1966 cultu
1168 1911 1347 1978 aliquo

18 2017 20 2032 ,
67 1982 120 2035 ἀ
143 1982 421 2036 acceffione
444 1982 628 2037 redeat.
700 1981 758 2035 Id
780 1979 918 2036 fiate
938 1980 1347 2050 semel-impetr0‚

66 2049 256 2105 faciam
282 2062 339 2104 ut
361 2050 613 2118 intelligas
638 2049 769 2104 bene
789 2067 816 2103 a
840 2062 891 2103 te
903 2050 1219 2103 collocatum
1241 2048 1349 2100 hoc

18 2173 20 2180 χ
69 2118 384 2173 beneficium
426 2117 590 2173 fuiffe.
673 2119 860 2170 Claudii
888 2119 1105 2181 Salmasti
1147 2117 1345 2170 chartas
1364 2152 1512 2193 Salmas

69 2187 251 2242 nastus
272 2187 383 2240 sum
404 2187 629 2256 aliquam
663 2186 849 2240 multas
873 2230 889 2255 ‚
936 2186 987 2240 ὅτ,
1021 2189 1075 2238 in
1114 2187 1180 2238 iis
1213 2203 1487 2258 quat-stam

71 2273 299 2323 cumque
321 2256 384 2308 ad
410 2256 740 2322 Anthologiam
764 2273 863 2322 qua
886 2254 1218 2325 supplendam
1242 2271 1345 2320 qua

41 2376 46 2390 .
70 2323 419 2378 illustrandam
441 2342 470 2378 e
492 2323 731 2378 Palatinis
758 2323 888 2377 olim
910 2322 1222 2376 membranis
1237 2339 1346 2376 ma-

45 2409 178 2463 ·gno
206 2392 381 2448 labore
403 2392 755 2462 descripserat,
802 2392 905 2446 visa
929 2390 1099 2446 adhue
1119 2393 1343 2452 nemini3

700 2463 927 2530 Q4*
1282 2476 1344 2515 ca
