1638 2678
271 125 373 191 374
604 109 1187 192 HEMSTERHVSIVS.

335 260 371 315 †
390 252 651 307 Fabricius
669 251 960 321 reposuerat
980 250 1157 305 locum
1180 249 1453 319 Plutarchi,
1475 249 1560 303 de’

271 339 442 393 pugna
474 321 638 374 navali
666 319 881 389 specstata
912 337 938 372 3
969 323 1166 386 Xerxe,
1202 318 1420 371 sedende
1454 318 1543 373 ὑπὸ
1636 338 1638 384 ]

269 387 419 445 eunoici}
440 394 587 458 χρυσῆ·
610 386 1026 441 inThemistocle
1038 404 1085 455 p.
1112 406 1218 439 120.
1290 387 1385 439 Sed
1399 386 1542 439 hunc
1636 386 1638 408 ¹

267 458 450 513 locum
471 453 867 512 fibi‘satisfacere
879 468 1028 524 negat
1043 457 1131 507 Vir
1143 454 1541 521 Eruditissimu8‚

269 545 392 582 cum
417 525 559 582 aliud
587 523 644 578 fit
664 525 797 579 σκιάς
815 541 967 591 quam
992 523 1113 579 σκιά.
1182 527 1338 589 Spero
1370 534 1543 575 tamen

268 612 356 650 me
377 594 439 648 ab
464 594 783 655 humanitate
804 591 1037 658 ejusdem
1058 591 1189 643 mihi
1211 592 1328 643 satis
1362 608 1541 660 exper-

267 675 320 716 ta
341 664 758 732 impetraturum,
791 673 848 712 ut
866 659 985 713 addi
1021 662 1238 728 patiatur
1267 657 1426 711 alium
1462 658 1544 712 lo·
1626 711 1628 715 ,

267 748 391 785 cum
415 732 578 799 magis
601 741 774 798 aptum
789 745 864 796 ap.
878 729 1197 781 Antoninum
1211 730 1298 780 XI.
1325 746 1402 793 24.
1438 737 1543 781 Aa·

265 797 524 864 κεδαιμὸνιοι
567 808 660 851 τοῖς
701 800 776 863 μὲν
820 797 954 866 ξένοις
997 803 1039 850 ἐν
1073 800 1180 850 τοῦς·
1212 797 1421 865 ’θεωρίαις
1451 795 1542 850 ὁπὸ

269 873 332 930 τῆ
385 872 494 938 σκιᾷ·
541 866 610 921 τοὶ
635 885 637 887 ·
665 865 840 934 βάθρα
898 866 1111 919 ἐτίθεσαν
1141 903 1156 924 ,
1202 865 1358 931 igitur
1398 877 1542 930 pere·
1615 894 1625 925 2

268 934 405 1007 grini
435 953 501 988 ex
534 931 1046 994 umbra.-sue6>‹aba11t.
1133 935 1178 983 Is
1217 933 1357 983 enirn
1390 930 1541 984 locus
1613 924 1626 959 ³¹

268 1016 379 1057 erat
401 1020 506 1056 non
518 1002 680 1056 modo
703 1013 845 1053 tutus
868 1017 894 1054 a
909 999 1032 1067 sole,
1056 998 1142 1051 sed
1157 998 1540 1054 &honoration
1623 1067 1625 1069 ,

270 1073 493 1125 Romani
515 1087 639 1123 vero
659 1071 714 1121 in
724 1068 958 1122 Theatro
978 1067 1290 1120 umbraculis
1304 1066 1542 1119 velorum

267 1138 398 1193 testi
420 1156 614 1210 pugnas
635 1137 971 1208 gladiatorum
993 1135 1096 1190 fine
1119 1129 1461 1188 incotfxmodo
1490 1135 1542 1187 ἃ
1604 1175 1606 1177 -

220 1221 223 1225 ·
311 1206 506 1261 erieulo
544 1206 908 1265 intuebantur3
954 1204 1090 1257 unde
1118 1202 1224 1255 haec
1252 1204 1544 1270 proverbia·
1608 1214 1613 1244 7

299 1279 339 1344 ‘s
360 1277 562 1329 locutio
583 1275 736 1344 petita
761 1273 897 1343 apud
919 1274 1163 1338 Dionem,
1198 1271 1258 1323 ad
1271 1271 1543 1324 Tribunos
1611 1321 1614 1325 .

271 1345 399 1400 loco
419 1356 594 1397 motos
618 1342 920 1413 applicatur,
955 1341 1043 1407 qui
1065 1342 1167 1406 jam
1195 1357 1299 1391 non
1321 1339 1542 1406 amplius

273 1412 368 1481 ipfi
391 1415 446 1465 in
479 1428 627 1465 arena
658 1410 800 1464 civili
824 1408 1254 1478 digladiabantur,
1283 1407 1370 1459 sed
1392 1407 1543 1460 instar
1612 1467 1617 1474 .

272 1480 617 1550 spectatorum
632 1480 684 1531 in
696 1478 904 1531 theatris
919 1478 1192 1529 certamina
1206 1476 1427 1529 aliorum
1439 1477 1541 1527 tuti
1601 1491 1612 1543 :4

272 1548 675 1619 speculabantur.
742 1545 941 1601 Umbra
956 1562 1051 1614 pro
1062 1542 1383 1610 umbracuIO,
1406 1541 1544 1613 apud
1595 1572 1616 1602 ..-

272 1617 503 1672 Festum=
542 1617 750 1672 Umbrae,
780 1614 1070 1665 vocabantur
1094 1612 1436 1677 Neptunalibus
1463 1612 1543 1662 c'a-
1608 1646 1609 1654 κ

262 1686 331 1754 fle
347 1685 561 1751 frondeae
580 1698 672 1751 pro
701 1681 1029 1734 tabernaculis.
1088 1679 1421 1745 Quilocusin
1433 1695 1542 1731 me-
1603 1683 1611 1729 ⁸.

274 1755 494 1808 moriam
514 1762 719 1805 revocat
739 1748 938 1803 dictum
958 1748 1036 1800 Είῖ
1050 1751 1209 1800 XXV.
1233 1767 1280 1814 4.
1307 1746 1398 1800 ubi
1421 1749 1543 1800 Pro·
1598 1772 1602 1803 2

262 1822 428 1890 pheta
450 1820 513 1873 ad
535 1823 730 1872 Deum:
750 1835 805 1869 tu
824 1837 874 1869 es
894 1814 1331 1883 (afflictisffmbra
1349 1812 1542 1878 abaestu,
1597 1838 1607 1868 τ
1633 1827 1638 1887 j

268 1888 368 1965 *ubi
388 1887 458 1948 ἦξε
477 1888 656 1942 umbra
675 1903 770 1957 pro
791 1884 1094 1939 umbraculo
1113 1885 1242 1953 poni
1259 1882 1477 1937 videtur.

722 2012 783 2061 S.
806 2011 867 2061 H.
902 2009 1082 2061 HINZ.

337 2095 375 2154 †
405 2093 571 2146 Mittit
583 2089 887 2158 Catalogum
901 2086 1295 2157 posthumorum
1316 2079 1543 2151 opuscu3

213 2210 228 2219 .
275 2161 448 2215 lorum
466 2160 673 2216 Joannis
695 2160 840 2214 Faes,
875 2173 984 2222 quae
1013 2152 1314 2207 asservantur
1332 2168 1360 2204 3
1384 2153 1546 2203 Reve-

274 2228 438 2295 rendo
460 2226 625 2280 Clem.
648 2227 972 2278 Diecmanno
1007 2222 1204 2275 Pastore
1232 2215 1542 2272 Lesumenfi.
1608 2247 1609 2274 ς

273 2303 401 2351 Sunt
435 2307 607 2349 autem
639 2293 761 2346 haec.
838 2293 894 2358 ι)
931 2295 1011 2343 De
1043 2289 1296 2355 Sanguine
1339 2285 1541 2339 Christi.
1608 2279 1635 2332 J

271 2365 438 2436 plagg.
458 2382 567 2428 139.
636 2366 692 2426 2)
712 2363 791 2413 De
813 2360 1083 2413 Primitivae
1119 2353 1347 2410 Ecclefiae
1376 2350 1549 2407 Infan·
1592 2387 1604 2391 ἡ

1394 2422 1551 2475 tatio-
1634 2478 1635 2481 ,
