1638 2678
254 105 318 148 16
593 95 872 150 FABRlCll
903 97 1192 153 STVDIA.J

249 234 396 286 omni
419 248 602 301 genere
633 229 1012 300 disciplinarum
1042 229 1230 297 libros,
1272 230 1323 284 ἁ
1351 233 1407 284 in
1436 231 1522 284 his

249 303 456 354 Veteres
481 317 587 353 non
610 300 891 360 postremos
914 315 1221 368 percurrere,
1239 298 1304 351 ad
1324 299 1445 352 suos
1464 298 1523 352 fi-

247 368 305 423 bi
345 366 620 422 familiares
647 407 662 430 ,
713 380 959 434 tanquam
999 366 1133 420 fidos
1174 366 1551 436 depofitarios‚·

246 439 430 490 'omnia
448 448 736 489 memoratu
761 436 912 504 digna
926 433 1127 502 referre,
1145 435 1195 487 ὅτ
1218 436 1319 501 jam
1333 449 1444 488 tum
1458 437 1525 490 ad

248 519 448 558 certum
483 504 738 572 quendam
785 503 998 574 scopum
1036 520 1282 572 magnum
1319 504 1370 557 ἃ
1407 504 1525 574 pul-

246 574 462 640 chrum,
496 589 592 626 nec
618 586 731 626 ante
755 571 871 625 satis
903 570 1198 639 translatum,
1234 572 1523 626 Bibliothe-

246 659 360 694 cam
385 653 514 709 puto
535 643 769 711 inprimis
794 640 1000 693 latinam
1020 657 1333 709 graecamque
1353 638 1524 711 fingu-

243 709 293 763 la
306 709 540 777 dirigere.
594 709 793 776 Ecquid
805 721 974 761 autem
986 711 1147 777 magis
1159 709 1452 776 proficuum
1463 707 1522 763 fit

245 776 657 831 adolescentibus
693 778 951 830 literarum
992 775 1254 844 stud'iofiS,
1288 794 1441 846 quam
1466 790 1524 831 ut

243 846 372 900 hinc
418 844 626 898 consilia
663 845 985 912 studiorum,
1038 863 1187 898 exem
1227 844 1281 899 lo
1335 846 1525 899 nonso-

243 913 356 967 lum
404 911 698 967 feliciffimo
742 916 869 967 tanti
915 916 1026 966 Viri
1072 931 1172 966 con
1214 926 1369 967 rmata
1388 956 1403 981 ‚
1435 914 1525 968 sed

243 982 310 1036 ab
332 982 442 1052 ipso
464 980 755 1051 saepiuscule
776 982 982 1050 privatis
1005 983 1060 1033 in
1082 982 1286 1043 Scholis
1313 982 1523 1050 tradita,

241 1049 338 1105 fibi
387 1062 566 1103 eruant
612 1050 663 1103 ἃ
706 1049 1004 1117 exequenda
1059 1062 1375 1118 proponant:
1414 1068 1525 1103 non

241 1117 514 1187 languide,
549 1135 658 1171 non
687 1115 900 1187 frigide,
931 1116 1019 1170 sed
1050 1135 1171 1170 cum
1194 1119 1400 1185 ardore,
1435 1118 1525 1172 sed

243 1205 368 1240 cum
416 1187 549 1240 serio
595 1186 645 1239 ἀ
690 1203 880 1255 magno
925 1197 1114 1238 conatu
1131 1228 1147 1254 ‚
1189 1203 1247 1238 ac
1273 1188 1374 1256 piis
1413 1204 1524 1257 pre·

243 1255 410 1320 σίδας,
433 1253 674 1307 accedere
697 1255 761 1306 ad
796 1253 956 1306 studia
991 1253 1284 1306 literarum:
1351 1254 1524 1324 legere

242 1323 405 1378 multa
431 1322 481 1376 δι
501 1322 734 1375 meditari
755 1325 953 1391 privato
978 1321 1170 1374 studio:
1202 1322 1369 1391 legere
1391 1326 1522 1393 opti.

241 1408 380 1459 mm,
397 1404 547 1458 atque
569 1393 623 1442 in
644 1391 726 1442 his
749 1402 864 1443 ante
888 1391 1065 1442 omnia
1086 1392 1271 1442 veteris
1294 1393 1385 1443 aevi
1398 1394 1523 1443 Scri.

242 1471 444 1528 ptores:
491 1457 635 1526 ledia,
670 1476 732 1511 ne
764 1457 998 1510 diffluant
1013 1460 1278 1524 memoria,
1312 1458 1376 1511 ad
1398 1459 1521 1513 suos

241 1526 433 1598 fingula
455 1526 602 1580 locos
624 1526 929 1579 adscribere:
965 1525 1143 1594 scripta
1166 1526 1390 1593 denique
1412 1545 1524 1581 ma-

240 1608 356 1650 ture
387 1595 449 1648 ad
488 1608 846 1665 argumentum
885 1593 1096 1661 aliquod
1135 1594 1262 1647 utile
1301 1595 1352 1647 &
1389 1597 1523 1649 inta-

242 1662 387 1717 &um
407 1663 696 1725 intendere,
731 1663 872 1731 quod
891 1662 1098 1716 tandem
1121 1662 1397 1730 aliquando
1417 1663 1522 1717 ela-

240 1731 481 1784 boratum
501 1730 915 1802 perpolitumque
940 1748 1061 1784 cum
1082 1729 1262 1800 infigni
1285 1731 1436 1785 laude
1468 1733 1521 1786 ὅ(

239 1799 417 1854 frufiu
436 1799 604 1852 oculis
630 1799 952 1862 eruditorum
974 1797 1176 1852 fistatur.
1244 1802 1423 1853 Fateor
1443 1812 1521 1853 ta-

239 1885 389 1934 men,
421 1885 527 1920 non
549 1869 777 1934 cujusvis
800 1867 896 1922 effe
926 1867 1166 1935 juvenilis
1195 1869 1418 1937 ingenii,
1457 1869 1521 1922 li-

239 1948 324 1989 cet
335 1947 499 1988 totam
511 1936 903 2004 descriptionem
916 1938 1100 1991 artium
1118 1953 1176 1988 ac
1194 1935 1522 1991 scientiarum

238 2008 444 2057 eminus
474 2004 868 2071 quodammodo
911 2005 1144 2065 circums
1170 2006 1320 2071 iciat‚
1371 2005 1421 2058 ἃ
1454 2005 1518 2057 li-

238 2072 363 2126 bros
382 2072 661 2139 cujuslibet
673 2072 961 2141 argumenti
974 2071 1113 2126 noffe
1162 2072 1380 2141 idicerit,
1401 2090 1520 2141 pro·

236 2144 355 2210 prio
379 2145 546 2194 Marte
579 2158 637 2194 ac
671 2158 777 2193 non
805 2143 1067 2194 monitum
1096 2141 1353 2201 invenire,
1389 2142 1518 2209 quid

237 2209 387 2261 restet
410 2212 465 2262 in
486 2207 695 2278 fingulis
716 2208 998 2280 disciplinis
1020 2210 1071 2262 &
1093 2210 1149 2261 in
1171 2211 1318 2262 omni
1340 2209 1528 2279 lingua'

240 2275 292 2329 δι
316 2276 525 2331 historia
541 2276 839 2331 vaddendum
853 2291 1002 2345 atque
1014 2277 1410 2345 emendandum,
1429 2290 1518 2331 aut

239 2361 341 2413 qua
363 2347 560 2401 ratione
580 2344 852 2404 confilium
879 2344 1245 2417 amplificandae
1272 2345 1518 2468 dostri‘pae

1463 2432 1516 2468 e.
