1604 2658
645 170 1056 230 DEDICATIO.

213 286 499 377 Nemini
534 288 860 401 tantopere
885 308 1031 379 Tibi
1065 312 1386 399 adamato,
1417 325 1488 392 ὃς

215 435 319 506 cui
368 409 447 500 in¹
486 426 694 523 ipsum
730 429 965 500 Virum
1017 432 1260 515 studio,
1324 463 1361 510 a
1394 443 1490 512 Te

200 556 483 649 ”quoque
519 569 617 617 tot
651 547 1054 620 documentis
1087 551 1491 628 demonstra-

214 696 306 756 το,
336 669 492 742 nihil
523 669 703 763 spero
737 659 825 740 est
860 672 1042 766 quod
1075 699 1213 743 non
1240 676 1488 744 condo-

212 815 323 864 nes
364 788 656 860 audaciae.
754 791 965 870 Nosti,
995 793 1131 885 &Vir
1169 795 1487 867 Veneran-

214 916 313 996 de,
351 938 552 1010 quam
587 915 758 1009 justae
793 913 951 986 mihi
986 940 1317 1012 quamque
1348 942 1486 1014 gra-

216 1060 319 1108 ves
358 1038 552 1106 causae
585 1036 734 1116 sint,
784 1049 898 1107 cur
938 1035 1100 1107 bene
1138 1039 1364 1107 mereri
1408 1038 1487 1107 de

215 1156 372 1225 tanti
417 1155 548 1225 Viri
602 1155 923 1224 memoria
977 1179 1207 1233 coner,
1268 1159 1336 1224 &
1374 1180 1487 1226 cur

218 1295 386 1347 certa
448 1293 638 1368 atque
703 1271 972 1365 spectata
1035 1269 1297 1340 honoris
1360 1273 1487 1362 ejus

183 1382 597 1492 ”argumenta
642 1418 777 1462 non
813 1390 1085 1462 debeam
1125 1392 1491 1484 praetermit-

218 1536 363 1584 tere.
461 1513 655 1608 Atqui
675 1510 827 1582 nihil
847 1509 1006 1581 mihi
1024 1508 1487 1610 conducibilius

219 1633 664 1708 existimationi
690 1633 1065 1704 Fabricianae
1089 1634 1284 1704 videri
1311 1657 1490 1729 pote-

218 1747 345 1839 ratjs
378 1785 579 1855 quam
615 1751 946 1858 fi'eorum,'
980 1783 1122 1854 quae
1157 1759 1220 1827 in
1255 1757 1387 1829 hoc
1422 1757 1490 1828 li-

219 1882 394 1955 bello
413 1879 631 1976 scripsi,
666 1879 999 1976 praesertim
1036 1878 1116 1948 ad
1151 1876 1491 1948 candidam

207 2002 362 2081 ,Viri
400 2002 705 2074 virtutem
739 2003 809 2069 &
833 1997 1268 2071 incredibilem
1290 1998 1356 2066 in
1379 1996 1493 2065 do-
1536 2017 1541 2021 ’

150 2118 152 2121 ’
225 2119 433 2191 cendo
486 2118 876 2218 diligentiam
943 2138 1134 2213 atque
1174 2114 1497 2186 dexterita-

229 2260 365 2319 tem
393 2239 747 2365 spectantia,
794 2264 938 2334 quae
971 2263 1108 2308 non
1140 2232 1418 2330 perinde
1425 2253 1498 2303 ut
1569 2328 1573 2345 A

206 2374 428 2435 cetera
476 2355 707 2454 ingenii
763 2357 894 2499 ejus
946 2376 1379 2428 monumenta
1430 2351 1499 2419 in

1299 2455 1499 2530 oculis
1582 2490 1583 2495 ¹
