1638 2678
517 143 612 196 LA
644 141 893 196 CROZE:
1249 153 1345 199 ²29

14 278 17 320 ἒ
67 284 195 336 Item
217 298 243 334 a
270 292 401 335 carta
426 298 527 349 que
550 279 763 334 chaman
775 278 840 334 de
854 281 1236 349 Domingoque
1247 277 1345 330 fin-

14 358 17 396 *
102 368 187 403 em
211 349 375 404 deceo
401 348 472 403 do
495 364 610 417 ceo,
643 366 703 402 na
723 348 843 417 qual
866 350 971 402 sam
992 346 1268 402 accusados
1282 361 1346 399 os

14 417 16 480 ξ
64 368 130 471 {a
157 419 312 487 Igreja
338 421 563 472 Romana
586 434 683 485 por
704 417 951 487 apostatas
982 418 1044 470 da
1074 414 1155 485 fe,
1188 432 1218 469 e
1284 431 1348 468 or

14 492 17 517 ³
67 486 361 541 violadores
386 487 456 540 do
478 487 763 556 Domingo.
797 485 851 539 id
871 486 966 539 est:
1004 489 1132 539 Item
1161 485 1243 553 epi
1289 500 1351 537 o-

64 553 115 609 1a
136 572 291 622 quam
312 555 376 609 de
397 556 675 609 Dominica
697 553 941 624 apellant,
977 553 1027 607 δι
1048 572 1077 607 e
1101 553 1237 606 coelo
1257 552 1348 605 de-

14 627 15 633 ’
67 623 255 694 Ῑαρίέιιῃ
284 623 516 694 fingunt3
562 626 616 677 in
647 639 747 692 qua
781 624 1079 677 accusantur
1115 618 1349 676 Ecclefiae

13 709 15 746 ς
67 693 560 813 Κοιῃειιείὲεῗυεοες
580 704 638 746 ut
652 692 902 763 Apostatae
922 691 1223 745 fidei&diei
1239 693 1350 743 Do-

13 757 15 783 4
66 763 270 815 minicae
291 763 381 814 vio
402 774 586 815 atores,
659 760 1173 827 Berolini4.1d.Dec·
1208 771 1349 824 1718.

14 852 15 871 κ
68 827 210 884 conf.
233 831 343 883 Viri
365 828 618 883 Eruditiss'.
642 828 1089 884 Christianismum
1113 827 1282 883 Indor.
1296 845 1347 896 p.

12 879 16 964 ι
73 916 184 965 170.
207 898 259 951 ἃ
283 917 393 964 319.
424 898 546 952 edit.
567 915 727 967 germ.

14 982 15 987 ’
136 972 170 1029 1·
207 970 331 1020 Haec
369 985 492 1021 cum
527 966 859 1036 sequentibus
893 967 1080 1020 Tomo
1118 962 1350 1019 secundo

12 998 16 1109 ε
69 1036 505 1107 Apocryphorum
542 1053 649 1090 non
678 1036 835 1089 video
866 1034 1078 1102 inserta,
1121 1034 1172 1087 ἃ
1202 1031 1351 1112 plura

13 1159 14 1172 2
71 1106 368 1165 continent,
398 1121 553 1173 quam
579 1104 686 1175 ipse
719 1105 942 1158 Crozius
970 1106 1028 1157 in
1051 1101 1352 1156 Christiani-

13 1174 15 1187 ²
71 1173 186 1228 smo
208 1172 456 1227 Indorum
476 1172 727 1260 attulerat:
949 1240 962 1258 Ι
1208 1187 1210 1190 ⁴
1300 1239 1311 1250 ·

12 1297 15 1352 2
72 1241 1352 1376 Hffissssn}:1522332211-&2mnatrfafflfiffoffi
1369 1263 1492 1352 5125:

12 1397 15 1404 ·
71 1392 147 1433 tra
174 1396 266 1433 eos
297 1381 388 1447 qui
423 1395 450 1432 a
481 1378 689 1433 Christo
721 1379 919 1449 gestum
953 1377 1223 1431 scribentis
1245 1388 1352 1430 tan·
1371 1371 1523 1466 {2²32-

1002 902 1006 909 ι

12 1471 15 1511 ;
73 1460 188 1501 tum
225 1446 518 1502 firnulatum
550 1448 832 1517 putabant)
864 1446 1060 1500 exstant
1098 1448 1255 1499 etiam
1299 1448 1357 1499 in

12 1540 15 1560 e
74 1516 282 1570 duobus
306 1516 665 1583 antiquiffimis
697 1518 830 1570 meis
864 1514 1139 1569 codicibus
1166 1519 1358 1568 Manu-

12 1637 15 1647 ,
73 1585 274 1655 scriptis
295 1586 498 1653 ζητεῖς,
534 1602 669 1653 quos
692 1584 823 1638 mihi
846 1601 1009 1653 nuper
1028 1602 1123 1638 aere
1153 1596 1275 1636 meo
1289 1601 1358 1636 ex

12 1657 15 1670 ⁴
73 1655 374 1723 Appendice
385 1652 644 1708 audiionis
658 1653 952 1707 Seidelianae
965 1652 1176 1707 redemi.
1207 1653 1359 1726 Qliss

77 1722 130 1776 δι
152 1725 207 1776 in
230 1723 389 1776 veteri
408 1720 637 1778 verfione
658 1722 926 1777 slavonica
948 1720 1205 1793 leguntur.
1218 1763 1251 1790 „
1288 1738 1357 1774 ex

12 1792 15 1837 ἒ
75 1789 187 1845 ead.
210 1809 239 1845 e
276 1790 439 1845 istola.
1011 1840 1014 1844 .

12 1891 15 1908 ,
143 1863 235 1928 „A
291 1877 403 1931 pag.
430 1872 541 1925 381.
569 1862 788 1915 Hieron.
809 1861 1063 1914 Xaverius
1095 1858 1359 1913 lusitanice
1375 1889 1548 1942 Histom

12 1935 15 1967 f
73 1927 333 1995 Historiam
354 1928 497 1982 illam
523 1928 693 1994 Christi
711 1927 930 1999 scripsit,
962 1945 1119 1997 quam
1148 1927 1520 1997 i11Perfi·chn·sta·

63 2014 199 2051 *cum
219 1997 508 2052 sermonem
529 2016 559 2050 e
579 1995 875 2052 Lufitanico
917 2000 1070 2051 vertit
1092 1996 1259 2051 Abdel
1283 2001 1362 2052 Se·
1377 2009 1513 2063 Xqve-

75 2068 241 2120 narim
266 2067 449 2120 Casem
471 2066 778 2134 Labori-em,
814 2066 960 2134 quod
979 2066 1087 2137 ipse
1111 2067 1363 2121 Xaverius
1377 2073 1447 2098 m·

31 2169 43 2184 .
74 2134 307 2204 agnoscit
326 2134 418 2188 sub
437 2134 603 2189 finem
634 2134 754 2189 libri
785 2152 834 2204 p.
861 2146 971 2201 536.
1039 2136 1183 2188 Hinc
1204 2135 1364 2189 Abra·
1499 2144 1503 2150 “

75 2202 199 2257 ham
220 2203 520 2258 Whelocus
534 2203 598 2257 ad
611 2204 810 2258 versum
831 2207 1059 2273 primum
1081 2204 1263 2272 capitis
1284 2204 1362 2258 se-

16 2290 35 2344 ῂ
73 2273 227 2339 ptimi
245 2271 488 2327 verfionis
508 2272 705 2328 Perficae
718 2271 951 2327 Matthaei
973 2289 1000 2325 a
1023 2270 1075 2325 se
1095 2290 1217 2325 cum
1242 2271 1359 2328 aliis

30 2356 42 2406 ς
72 2340 405 2409 Evangelistis
439 2341 610 2396 editae:
646 2344 907 2399 Xaverim,
946 2340 1136 2409 ejtuque
1159 2342 1360 2406 Persicus

16 2411 43 2463 ’Τ
69 2423 166 2463 non
189 2409 432 2480 inelegans
450 2413 709 2482 Interpres.
776 2407 878 2537 Elgfi
895 2413 925 2475 J
929 2425 1126 2466 oannes
1142 2410 1364 2491 Gravius

879 2497 903 2546 3
1310 2497 1370 2535 m
