1638 2678
291 162 370 210 90*
463 142 746 198 FABRICH
776 144 1015 201 1>1ETAs
1049 148 1123 201 m
1151 149 1370 204 DEVM.

290 286 503 333 For-mandae
518 293 666 334 memini
681 302 812 332 tenerae
828 293 945 334 tribui
970 310 989 334 e
995 293 1165 347 juventae

347 356 526 414 Qotidie
541 369 598 395 me
614 353 722 395 horas
738 356 831 403 ⁰50,
854 369 1000 406 novem,
1021 369 1135 414 atque
1149 360 1280 400 decem.

290 420 460 475 Egregios
477 421 653 476 quosdam
668 420 796 468 docui,
812 420 942 474 plures
958 423 1151 464 nudioms
1160 440 1177 462 .-

344 484 439 525 Pars
455 497 588 538 magna
603 483 671 523 heu
687 485 784 523 molli
801 485 947 524 tradita
963 485 1103 539 defidiae
1118 485 1175 540 est.

285 546 406 605 Qod
413 550 541 602 potui,
555 547 658 602 feci:
682 548 782 602 quod
794 548 952 602 deliqui,
976 551 1077 604 quod
1097 548 1208 603 omisi,

215 669 217 671 ι
341 613 511 653 condona
528 614 568 652 in
585 612 719 668 Christo
741 612 798 653 Tu
822 612 931 660 mihi,
945 611 1089 666 summe
1112 614 1244 654 Deus!

282 675 327 716 Si
343 677 438 731 quid
451 677 498 718 ab
515 678 623 732 officii
630 675 826 733 fitpereffet
842 677 1013 731 temporis
1037 677 1148 725 horis,

339 741 505 795 Impendi
521 741 628 782 libris
643 741 707 781 hoc
713 740 920 795 studiisque
936 740 1072 780 lubens.

281 806 481 848 Scribendo
498 819 633 845 conans
645 801 804 860 prodff
814 833 824 851 ,
840 802 899 854 dy
908 805 1024 859 plura
1042 803 1187 858 legendo

337 870 518 925 Proficere
527 899 538 918 ‚
559 880 675 924 atque
689 870 855 910 animum
862 867 920 922 fic
935 869 1034 910 alere
1050 867 1165 923 usque
1181 876 1310 906 meum.

282 935 375 977 Haec
390 933 480 975 mihi
495 947 587 973 cura
594 932 702 985 fuit,
724 933 827 975 labor
842 933 921 983 hic,
947 933 1021 974 haec
1040 942 1156 987 grata
1172 929 1353 983 volupta3,

336 1000 428 1040 Haec
443 997 532 1038 mihi
543 1007 638 1051 pars
653 995 735 1051 visti
751 997 798 1052 est
811 998 974 1037 muneris
990 993 1052 1052 ff
1067 997 1148 1036 mei.

281 1064 399 1106 Nulla
419 1060 540 1102 tamen
560 1058 670 1100 libros
681 1069 835 1113 propter
844 1058 932 1112 ficit
956 1059 1045 1100 hora
1064 1058 1212 1106 vaciva,

334 1127 422 1168 Non
434 1124 593 1178 privata
611 1123 720 1170 meis,
745 1121 896 1176 publica
923 1123 1024 1161 nulla
1043 1119 1191 1175 fiholis.

279 1190 396 1234 Nunc
411 1187 559 1229 minime
575 1187 724 1226 incauto
741 1199 807 1225 nec
822 1183 1069 1238 inexspeetata
1086 1184 1189 1224 venit
1203 1194 1314 1233 mors,

336 1253 449 1307 Regia
467 1263 550 1290 cum
565 1251 690 1303 magni
706 1262 763 1288 me
779 1258 889 1287 vocat
905 1248 994 1288 aula
1005 1246 1095 1301 poli.

273 1315 462 1371 Obsequor
479 1325 579 1367 aequo
595 1314 742 1353 animo:
764 1309 966 1365 Charique‚
998 1308 1174 1361 librique,
1195 1306 1332 1356 Valete,

331 1379 462 1437 Qum
478 1390 589 1417 meme
604 1385 736 1416 aeterno
746 1373 897 1428 praestat
913 1368 1025 1427 adeffi
1046 1372 1154 1412 Deo!
1223 1383 1230 1391 ·

277 1444 365 1486 Non
380 1455 441 1496 ego
456 1455 513 1481 me
527 1440 685 1480 moriens
701 1434 844 1492 diffblvi
861 1449 1083 1490 conquerar,
1106 1433 1240 1488 anguis

333 1506 396 1547 Sic
417 1515 518 1552 cute,
531 1501 590 1555 fic
613 1515 726 1553 cornu
742 1498 890 1554 dispare
908 1502 1152 1540 cervusvvat.

277 1569 382 1610 Nam
404 1568 462 1609 Tu
479 1576 579 1607 certa
598 1579 698 1605 novae
711 1563 893 1618 defundis
906 1558 1053 1615 gaudia'
1073 1562 1161 1600 vitae

334 1630 508 1685 Restituis
524 1630 673 1677 merito,
701 1628 861 1668 maxime
878 1627 908 1666 C
914 1625 999 1664 HR
1007 1623 1066 1663 IS
1076 1623 1170 1672 TE,
1198 1623 1288 1665 Tuo.

281 1694 342 1737 Tu
356 1695 462 1749 fides
478 1694 609 1734 animae
627 1692 770 1732 volucri
785 1691 936 1745 largiris
952 1698 1111 1736 amatas,

332 1758 392 1798 Ne
409 1755 499 1797 mihi
506 1755 563 1810 fit
577 1757 740 1810 pretium
755 1755 884 1794 mortis
902 1754 1012 1792 inane
1032 1752 1144 1793 Tuae!

276 1821 342 1862 Sic
359 1834 430 1875 ega,
448 1821 510 1860 cui
527 1820 631 1860 modo
642 1818 771 1873 palma
788 1818 908 1858 obitus
918 1847 928 1866 ,
951 1818 1013 1857 cui
1029 1817 1154 1856 vivere
1169 1816 1201 1856 C
1205 1814 1325 1858 HRI
1326 1814 1356 1858 S
1366 1813 1482 1867 TVS,

331 1883 445 1942 Qid
458 1892 618 1924 metuam
634 1883 763 1922 mortis
772 1879 921 1935 spicula
937 1881 1061 1921 demta
1076 1893 1161 1919 meae
1170 1882 1190 1920 ἓ

275 1945 392 1990 Nunc
397 1944 544 1997 fluHus
560 1946 700 2000 liquido
717 1946 881 1993 mutavi,
904 1944 984 1984 luce
997 1943 1175 1992 tenebras,

330 2007 428 2048 Arce
445 2006 721 2063 casasfragiles
731 2039 741 2057 ,
764 2007 1029 2063 hospitiumque
1043 2006 1159 2046 domo.

278 2068 446 2113 Eritium
456 2071 609 2122 patria,
632 2084 734 2110 mare
745 2079 891 2123 portu,=
904 2068 1017 2109 nobili
1041 2080 1190 2121 agonem

330 2131 448 2182 Pace,
471 2145 614 2174 crucem
623 2132 775 2188 palma,
793 2121 992 2188 cognitio‘ne
1008 2130 1137 2186 fidem-

81 2327 237 2367 uorbm
336 2311 607 2381 Scripserat
635 2311 768 2379 haec,
802 2228 861 2364 {t
893 2247 1122 2387 νῗειῖῃιιτ,
1155 2329 1263 2368 non
1297 2314 1390 2369 diu
1419 2313 1534 2385 post

83 2394 208 2424 extre·
270 2374 563 2449 susceptum
583 2378 874 2451 Hamburgi
894 2398 1116 2442 munus,
1150 2380 1285 2442 forte
1296 2400 1418 2442 cum
1427 2387 1532 2440 An-

774 2477 779 2481 ,
1458 2467 1529 2508 no
1594 2474 1595 2481 x
