1638 2678
295 166 391 220 282.
768 161 1082 215 KOHLIVS.

294 298 565 351 Ruthenus
589 298 643 350 id
665 301 768 368 agit
790 311 846 350 ut
875 301 928 350 in
950 311 1113 352 totam
1137 303 1182 352 S.
1198 302 1243 352 S.
1270 299 1566 352 Concordan-
1636 338 1638 342 .

292 366 389 417 tias
419 380 544 434 quas
569 378 769 432 vocant,
810 367 1060 420 Ruthem'ce
1086 366 1345 421 conficiat.
1412 370 1559 445 Qo-
1626 395 1638 430 ‚³

289 434 419 487 tidie
440 436 528 487 hic
548 435 723 504 plures
745 434 864 488 libri
883 437 1274 504 imprimuntur,
1309 438 1365 488 in
1385 435 1468 490 his
1482 454 1565 490 an-

289 511 343 555 te
365 502 562 569 aliquot
581 519 742 557 annos
766 503 958 572 prodiit
981 505 1165 555 Curtim
1189 522 1249 554 ex
1276 504 1426 555 latino
1456 522 1564 556 ver-

312 588 379 627 us,
402 571 549 638 cujus
569 571 828 642 exemplar
848 570 1109 638 quoddam
1132 571 1277 624 volui
1307 589 1406 627 una
1439 591 1561 627 cum
1626 579 1638 635 ’;

288 637 472 693 litteris
495 638 634 693 hisce
656 639 719 694 ad
739 644 823 694 Te
842 643 1058 697 mittere.
1130 640 1390 710 Petropoli
1415 660 1504 707 172
1513 652 1558 694 6.
1634 697 1635 701 ,

290 723 369 760 12.
389 709 532 761 Ma·i.
577 735 579 737 ·
1616 727 1624 747 '¹

354 779 382 836 †
417 726 725 846 Caltalogum
765 776 945 843 illum,
974 777 1037 831 ab
1083 776 1225 831 edito
1264 788 1323 831 ut
1355 777 1560 831 videtur

284 846 509 898 maxima
535 862 601 896 ex
635 856 773 914 parte
814 845 1095 904 diversum,
1130 849 1220 898 Vir
1242 846 1559 900 Clariffimus

219 959 221 962 .
283 929 494 966 mecum
540 913 791 966 benevole
833 916 1255 967 communicavit.
1337 914 1557 968 Titulus

283 979 374 1034 hic
388 980 483 1034 est:
519 982 765 1049 Catalogus
777 981 1019 1038 librorum,
1039 997 1140 1035 tam
1153 985 1399 1035 MStorum
1409 1000 1558 1050 quam
1633 973 1638 1023 Ϊ

282 1053 404 1115 typis
423 1049 684 1107 editorum,
716 1049 883 1118 quales
901 1051 951 1100 in
961 1049 1179 1116 chrario
1210 1051 1394 1113 (Garde
1421 1050 1559 1119 robe)
1630 1058 1638 1087 ⁴

280 1116 608 1169 Patriarchali
646 1118 887 1183 Moscoviae
921 1119 1222 1185 reperiuntur
1242 1154 1262 1176 ,
1294 1119 1557 1186 secundum

281 1184 496 1237 ordinem
511 1184 757 1251 Alphabeti
769 1183 967 1248 Rufflaci
986 1186 1300 1253 consignatus,
1335 1189 1428 1243 An.
1443 1186 1554 1239 Chr.
1609 1217 1617 1234 2

284 1263 431 1315 1718.
463 1255 533 1304 M.
559 1253 841 1310 Februarii,
885 1271 944 1304 ex
974 1251 1100 1321 Ruffi
1139 1272 1250 1305 vero
1274 1256 1326 1305 in
1348 1255 1556 1306 latinum
1587 1295 1598 1299 ‚⁷

279 1320 455 1372 idioma
473 1321 732 1372 translatus
743 1324 834 1372 An.
856 1337 992 1385 ¹725·
1007 1324 1076 1372 M.
1091 1323 1248 1389 April.
1308 1324 1453 1376 Huic
1466 1339 1554 1375 an-

278 1387 503 1442 nediitur
525 1389 770 1455 Catalogus
780 1389 1009 1455 ficundus
1028 1390 1274 1448 librorum,
1303 1392 1390 1459 qui
1411 1409 1471 1441 ex
1482 1391 1555 1442 di-

277 1475 367 1509 ver
384 1476 427 1506 ts
447 1457 737 1521 monasteriis
762 1455 816 1518 εἴ
825 1475 855 1507 α
869 1455 1219 1525 Confefflonario
1231 1458 1426 1510 Andrea
1438 1461 1554 1509 Pro·
1598 1516 1606 1527 ι

275 1538 450 1592 topapa
492 1526 659 1577 collec‘li
679 1561 697 1582 ,
743 1525 928 1579 eodem
978 1525 1160 1580 ordine
1206 1524 1576 1595 alphabetico„

274 1596 485 1646 Summa
509 1591 760 1645 librorum
788 1593 1046 1660 utriusque
1066 1594 1136 1646 est
1148 1605 1210 1658 78
1221 1612 1261 1646 1.
1273 1595 1405 1647 int‘er
1415 1611 1550 1662 quos

274 1660 394 1714 sunt
416 1678 569 1728 quam
592 1659 873 1730 pauciffimi
897 1664 1027 1731 typis
1061 1662 1314 1729 exscripti.
1382 1664 1545 1714 Deni-
1579 1705 1587 1709 Λ

273 1746 378 1796 que
403 1747 583 1798 agmen
605 1729 851 1781 claudunt
873 1749 947 1793 30.
973 1729 1090 1781 libri
1123 1732 1257 1782 MSti
1288 1732 1344 1782 in
1365 1733 1547 1799 Typo-

272 1797 503 1867 grapheo
523 1796 830 1865 reperiundi,
863 1799 1036 1864 inquo
1051 1809 1222 1850 tamen
1234 1800 1454 1850 omnino
1466 1798 1546 1850 di-

272 1878 463 1922 cuntur
493 1867 698 1935 reperiri
734 1876 873 1929 3518·
907 1865 1127 1933 impreffi
1161 1865 1212 1918 δι
1245 1867 1406 1932 MSti,
1438 1877 1546 1920 tam

268 1932 529 1986 Slavonici
575 1950 727 1999 quam
761 1936 1027 2002 peregrini.
1114 1933 1417 1986 Dolendum
1455 1934 1541 1996 est,

268 1999 413 2054 hunc
426 2001 729 2069 Catalogum
757 2001 881 2053 mira
906 2000 1214 2070 negligentia
1243 1998 1545 2055 conscelum

268 2067 395 2134 effe,
432 2069 482 2120 δι
516 2066 649 2121 forte
679 2069 824 2136 pejus
859 2068 922 2123 ab
952 2070 1250 2139 interprete,
1283 2069 1491 2140 peffime
1514 2086 1544 2124 a
1584 2136 1587 2138 .

267 2135 481 2190 librario
500 2135 753 2190 habitum.
1356 2154 1361 2159 ⁷
1631 2151 1638 2171 ·

535 2261 782 2314 SEBAST
816 2261 949 2313 ΚΘΕ
957 2261 1132 2313 THOL
1140 2260 1269 2312 TVS.

74 2356 250 2409 τιμὴ,
332 2342 596 2419 „Qando
617 2341 844 2412 prodibit
863 2355 943 2397 tot
963 2344 1200 2396 omnium
1213 2341 1538 2396 eruditorum
1602 2361 1604 2365 ·

74 2413 250 2468 Magn
266 2413 403 2467 votis
431 2412 679 2468 omnibus
715 2414 872 2485 toties
903 2412 1124 2482 expetita
1146 2411 1452 2530 BibliothecaG
1448 2422 1540 2462 tua

1452 2493 1539 2529 rae-
1571 2491 1575 2494 ’

274 568 330 638 8
