<?xml version="1.0" encoding="UTF-8"?>
<!DOCTYPE html PUBLIC "-//W3C//DTD XHTML 1.0 Transitional//EN"
    "http://www.w3.org/TR/xhtml1/DTD/xhtml1-transitional.dtd">
<html xmlns="http://www.w3.org/1999/xhtml" xml:lang="en" lang="en">
 <head>
  <title>
</title>
<meta http-equiv="Content-Type" content="text/html;charset=utf-8" />
  <meta name='ocr-system' content='tesseract 3.04.00' />
  <meta name='ocr-capabilities' content='ocr_page ocr_carea ocr_par ocr_line ocrx_word'/>
</head>
<body>
  <div class='ocr_page' id='page_1' title='image "./hermsamreimaride00reimuoft_0086.png"; bbox 0 0 1638 2678; ppageno 0'>
   <div class='ocr_carea' id='block_1_1' title="bbox 253 107 1168 173">
    <p class='ocr_par' dir='ltr' id='par_1_1' title="bbox 253 107 1168 173">
     <span class='ocr_line' id='line_1_1' title="bbox 253 107 1168 173; baseline 0.001 -13"><span class='ocrx_word' id='word_1_1' title='bbox 253 115 315 173; x_wconf 81' lang='lat'><em>64</em></span> <span class='ocrx_word' id='word_1_2' title='bbox 582 107 862 162; x_wconf 72' lang='lat' dir='ltr'><em>fAssmcn</em></span> <span class='ocrx_word' id='word_1_3' title='bbox 898 109 1168 163; x_wconf 75' lang='lat' dir='ltr'><strong>ELOGm.</strong></span> 
     </span>
    </p>
   </div>
   <div class='ocr_carea' id='block_1_2' title="bbox 243 241 1517 1932">
    <p class='ocr_par' dir='ltr' id='par_1_2' title="bbox 243 241 1517 1932">
     <span class='ocr_line' id='line_1_2' title="bbox 253 241 1513 310; baseline -0.002 -16"><span class='ocrx_word' id='word_1_4' title='bbox 253 243 374 294; x_wconf 72' lang='lat' dir='ltr'><em>ctum</em></span> <span class='ocrx_word' id='word_1_5' title='bbox 393 241 471 307; x_wconf 88' lang='lat' dir='ltr'><em>est,</em></span> <span class='ocrx_word' id='word_1_6' title='bbox 484 246 509 307; x_wconf 87' lang='lat'>&gt;</span> <span class='ocrx_word' id='word_1_7' title='bbox 524 241 738 310; x_wconf 63' lang='lat' dir='ltr'><em>gestiebat</em></span> <span class='ocrx_word' id='word_1_8' title='bbox 760 244 875 295; x_wconf 86' lang='lat' dir='ltr'><em>mihi</em></span> <span class='ocrx_word' id='word_1_9' title='bbox 894 245 1082 295; x_wconf 85' lang='lat' dir='ltr'><em>animus</em></span> <span class='ocrx_word' id='word_1_10' title='bbox 1094 243 1412 294; x_wconf 84' lang='lat' dir='ltr'><em>commercium</em></span> <span class='ocrx_word' id='word_1_11' title='bbox 1423 243 1513 293; x_wconf 83' lang='lat' dir='ltr'><em>ali-</em></span> 
     </span>
     <span class='ocr_line' id='line_1_3' title="bbox 256 309 1512 379; baseline 0 -19"><span class='ocrx_word' id='word_1_12' title='bbox 256 314 383 379; x_wconf 83' lang='lat' dir='ltr'><em>quod</em></span> <span class='ocrx_word' id='word_1_13' title='bbox 398 311 665 362; x_wconf 80' lang='lat' dir='ltr'><em>literareum</em></span> <span class='ocrx_word' id='word_1_14' title='bbox 688 327 839 363; x_wconf 89' lang='lat' dir='ltr'><em>tecum</em></span> <span class='ocrx_word' id='word_1_15' title='bbox 870 313 1019 368; x_wconf 87' lang='lat' dir='ltr'><em>inire,</em></span> <span class='ocrx_word' id='word_1_16' title='bbox 1051 325 1104 361; x_wconf 87' lang='lat' dir='ltr'><em>ut</em></span> <span class='ocrx_word' id='word_1_17' title='bbox 1139 327 1242 361; x_wconf 88' lang='lat' dir='ltr'><em>cum</em></span> <span class='ocrx_word' id='word_1_18' title='bbox 1268 309 1512 376; x_wconf 76' lang='lat' dir='ltr'><em>praedecefi</em></span> 
     </span>
     <span class='ocr_line' id='line_1_4' title="bbox 243 378 1511 446; baseline 0 -18"><span class='ocrx_word' id='word_1_19' title='bbox 243 378 355 446; x_wconf 83' lang='lat' dir='ltr'><em>sore</em></span> <span class='ocrx_word' id='word_1_20' title='bbox 381 393 460 429; x_wconf 88' lang='lat' dir='ltr'><em>tuo</em></span> <span class='ocrx_word' id='word_1_21' title='bbox 500 384 559 430; x_wconf 87' lang='lat' dir='ltr'><em>l).</em></span> <span class='ocrx_word' id='word_1_22' title='bbox 599 380 831 430; x_wconf 85' lang='lat' dir='ltr'><em>Vincentio</em></span> <span class='ocrx_word' id='word_1_23' title='bbox 876 381 1057 431; x_wconf 83' lang='lat' dir='ltr'><em>Placcio</em></span> <span class='ocrx_word' id='word_1_24' title='bbox 1092 393 1180 445; x_wconf 87' lang='lat' dir='ltr'><em>per</em></span> <span class='ocrx_word' id='word_1_25' title='bbox 1219 396 1367 428; x_wconf 83' lang='lat' dir='ltr'><em>annos</em></span> <span class='ocrx_word' id='word_1_26' title='bbox 1396 379 1511 444; x_wconf 84' lang='lat' dir='ltr'><em>plus</em></span> 
     </span>
     <span class='ocr_line' id='line_1_5' title="bbox 257 446 1511 515; baseline -0.002 -19"><span class='ocrx_word' id='word_1_27' title='bbox 257 463 403 515; x_wconf 75' lang='lat' dir='ltr'><em>quum</em></span> <span class='ocrx_word' id='word_1_28' title='bbox 430 447 602 512; x_wconf 84' lang='lat' dir='ltr'><em>viginti</em></span> <span class='ocrx_word' id='word_1_29' title='bbox 608 447 836 513; x_wconf 78' lang='lat' dir='ltr'><em>feceram.</em></span> <span class='ocrx_word' id='word_1_30' title='bbox 905 449 1029 513; x_wconf 83' lang='lat' dir='ltr'><em>Adeo</em></span> <span class='ocrx_word' id='word_1_31' title='bbox 1052 447 1101 497; x_wconf 88' lang='lat' dir='ltr'><em>in</em></span> <span class='ocrx_word' id='word_1_32' title='bbox 1121 446 1256 496; x_wconf 83' lang='lat' dir='ltr'><em>libris</em></span> <span class='ocrx_word' id='word_1_33' title='bbox 1275 447 1372 495; x_wconf 77' lang='lat' dir='ltr'><em>tuis</em></span> <span class='ocrx_word' id='word_1_34' title='bbox 1401 463 1511 495; x_wconf 88' lang='lat' dir='ltr'><em>eru-</em></span> 
     </span>
     <span class='ocr_line' id='line_1_6' title="bbox 255 512 1513 581; baseline -0.002 -17"><span class='ocrx_word' id='word_1_35' title='bbox 255 515 397 570; x_wconf 74' lang='lat' dir='ltr'><em>ditio,</em></span> <span class='ocrx_word' id='word_1_36' title='bbox 432 514 558 563; x_wconf 78' lang='lat' dir='ltr'><em>lec‘lio</em></span> <span class='ocrx_word' id='word_1_37' title='bbox 578 513 883 581; x_wconf 74' lang='lat' dir='ltr'><em>diffitfisſjma,</em></span> <span class='ocrx_word' id='word_1_38' title='bbox 914 514 1171 569; x_wconf 75' lang='lat' dir='ltr'><em>methodus,</em></span> <span class='ocrx_word' id='word_1_39' title='bbox 1206 512 1258 574; x_wconf 58' lang='grc' dir='ltr'><em>εἴ</em></span> <span class='ocrx_word' id='word_1_40' title='bbox 1275 513 1513 580; x_wconf 79' lang='lat' dir='ltr'><em>firibendi</em></span> 
     </span>
     <span class='ocr_line' id='line_1_7' title="bbox 255 582 1512 648; baseline -0.002 -16"><span class='ocrx_word' id='word_1_41' title='bbox 255 596 536 646; x_wconf 81' lang='lat' dir='ltr'><em>argumenta</em></span> <span class='ocrx_word' id='word_1_42' title='bbox 560 583 677 631; x_wconf 87' lang='lat' dir='ltr'><em>mire</em></span> <span class='ocrx_word' id='word_1_43' title='bbox 700 583 815 632; x_wconf 86' lang='lat' dir='ltr'><em>mihi</em></span> <span class='ocrx_word' id='word_1_44' title='bbox 830 582 1072 648; x_wconf 78' lang='lat' dir='ltr'><em>placebant</em></span> <span class='ocrx_word' id='word_1_45' title='bbox 1102 584 1270 631; x_wconf 83' lang='lat' dir='ltr'><em>onmia.</em></span> <span class='ocrx_word' id='word_1_46' title='bbox 1344 582 1512 630; x_wconf 84' lang='lat' dir='ltr'><em>Verum</em></span> 
     </span>
     <span class='ocr_line' id='line_1_8' title="bbox 257 648 1511 716; baseline -0.002 -16"><span class='ocrx_word' id='word_1_47' title='bbox 257 664 423 700; x_wconf 84' lang='lat' dir='ltr'><em>memet</em></span> <span class='ocrx_word' id='word_1_48' title='bbox 443 648 641 715; x_wconf 83' lang='lat' dir='ltr'><em>repreffi,</em></span> <span class='ocrx_word' id='word_1_49' title='bbox 664 650 773 699; x_wconf 85' lang='lat' dir='ltr'><em>dum</em></span> <span class='ocrx_word' id='word_1_50' title='bbox 796 652 1064 716; x_wconf 78' lang='lat' dir='ltr'><em>cogitarem,</em></span> <span class='ocrx_word' id='word_1_51' title='bbox 1084 651 1389 715; x_wconf 82' lang='lat' dir='ltr'><em>incongruum</em></span> <span class='ocrx_word' id='word_1_52' title='bbox 1404 649 1511 714; x_wconf 85' lang='lat' dir='ltr'><em>pla-</em></span> 
     </span>
     <span class='ocr_line' id='line_1_9' title="bbox 257 713 1516 784; baseline -0.001 -18"><span class='ocrx_word' id='word_1_53' title='bbox 257 733 315 767; x_wconf 88' lang='lat' dir='ltr'><em>ne</em></span> <span class='ocrx_word' id='word_1_54' title='bbox 335 714 444 783; x_wconf 69' lang='lat' dir='ltr'><em>effe,</em></span> <span class='ocrx_word' id='word_1_55' title='bbox 475 734 547 766; x_wconf 86' lang='lat' dir='ltr'><em>me</em></span> <span class='ocrx_word' id='word_1_56' title='bbox 565 717 793 766; x_wconf 77' lang='lat' dir='ltr'><em>hominem</em></span> <span class='ocrx_word' id='word_1_57' title='bbox 815 735 904 768; x_wconf 86' lang='lat' dir='ltr'><em>non</em></span> <span class='ocrx_word' id='word_1_58' title='bbox 914 716 1220 784; x_wconf 70' lang='lat' dir='ltr'><em>senefientem</em></span> <span class='ocrx_word' id='word_1_59' title='bbox 1255 716 1402 771; x_wconf 86' lang='lat' dir='ltr'><em>modo,</em></span> <span class='ocrx_word' id='word_1_60' title='bbox 1422 713 1516 780; x_wconf 75' lang='lat' dir='ltr'><em>sed</em></span> 
     </span>
     <span class='ocr_line' id='line_1_10' title="bbox 252 784 1510 849; baseline -0.001 -16"><span class='ocrx_word' id='word_1_61' title='bbox 252 784 621 848; x_wconf 62' lang='lat' dir='ltr'><em>limimor&#39;tuum,</em></span> <span class='ocrx_word' id='word_1_62' title='bbox 653 786 810 841; x_wconf 82' lang='lat' dir='ltr'><em>annis,-</em></span> <span class='ocrx_word' id='word_1_63' title='bbox 837 786 1018 841; x_wconf 74' lang='lat' dir='ltr'><em>morbu,</em></span> <span class='ocrx_word' id='word_1_64' title='bbox 1048 784 1510 849; x_wconf 39' lang='lat' dir='ltr'><em>laboribus-fredum,</em></span> 
     </span>
     <span class='ocr_line' id='line_1_11' title="bbox 255 850 1511 919; baseline -0.001 -18"><span class='ocrx_word' id='word_1_65' title='bbox 255 850 308 913; x_wconf 72' lang='lat'><em>&amp;²</em></span> <span class='ocrx_word' id='word_1_66' title='bbox 323 852 424 917; x_wconf 70' lang='lat' dir='ltr'><em>plus</em></span> <span class='ocrx_word' id='word_1_67' title='bbox 444 868 590 919; x_wconf 63' lang='lat' dir='ltr'><em>quan?</em></span> <span class='ocrx_word' id='word_1_68' title='bbox 610 852 815 902; x_wconf 79' lang='lat' dir='ltr'><em>alterum</em></span> <span class='ocrx_word' id='word_1_69' title='bbox 828 853 989 919; x_wconf 85' lang='lat' dir='ltr'><em>pedem</em></span> <span class='ocrx_word' id='word_1_70' title='bbox 1010 854 1060 902; x_wconf 80' lang='lat' dir='ltr'><em>in</em></span> <span class='ocrx_word' id='word_1_71' title='bbox 1084 853 1332 902; x_wconf 85' lang='lat' dir='ltr'><em>Charontis</em></span> <span class='ocrx_word' id='word_1_72' title='bbox 1353 852 1511 916; x_wconf 78' lang='lat' dir='ltr'><em>cymba</em></span> 
     </span>
     <span class='ocr_line' id='line_1_12' title="bbox 254 918 1510 987; baseline -0.002 -17"><span class='ocrx_word' id='word_1_73' title='bbox 254 921 495 970; x_wconf 84' lang='lat' dir='ltr'><em>habentem</em></span> <span class='ocrx_word' id='word_1_74' title='bbox 515 955 534 976; x_wconf 91' lang='lat'><em>,</em></span> <span class='ocrx_word' id='word_1_75' title='bbox 586 920 694 970; x_wconf 85' lang='lat' dir='ltr'><em>Tibi</em></span> <span class='ocrx_word' id='word_1_76' title='bbox 730 922 840 970; x_wconf 88' lang='lat' dir='ltr'><em>Viro</em></span> <span class='ocrx_word' id='word_1_77' title='bbox 872 918 1199 987; x_wconf 81' lang='lat' dir='ltr'><em>occupatiffimo</em></span> <span class='ocrx_word' id='word_1_78' title='bbox 1240 918 1293 981; x_wconf 62' lang='grc' dir='ltr'><em>ες</em></span> <span class='ocrx_word' id='word_1_79' title='bbox 1326 920 1510 985; x_wconf 84' lang='lat' dir='ltr'><em>publica</em></span> 
     </span>
     <span class='ocr_line' id='line_1_13' title="bbox 255 987 1511 1056; baseline -0.002 -19"><span class='ocrx_word' id='word_1_80' title='bbox 255 987 510 1053; x_wconf 61' lang='lat' dir='ltr'><em>reipublicae</em></span> <span class='ocrx_word' id='word_1_81' title='bbox 529 987 752 1037; x_wconf 86' lang='lat' dir='ltr'><em>literariae</em></span> <span class='ocrx_word' id='word_1_82' title='bbox 764 989 996 1039; x_wconf 81' lang='lat' dir='ltr'><em>commoda</em></span> <span class='ocrx_word' id='word_1_83' title='bbox 1017 988 1223 1056; x_wconf 86' lang='lat' dir='ltr'><em>quotidie</em></span> <span class='ocrx_word' id='word_1_84' title='bbox 1232 1001 1511 1052; x_wconf 86' lang='lat' dir='ltr'><em>promoven-</em></span> 
     </span>
     <span class='ocr_line' id='line_1_14' title="bbox 257 1052 1512 1123; baseline -0.002 -18"><span class='ocrx_word' id='word_1_85' title='bbox 257 1055 298 1105; x_wconf 81' lang='lat' dir='ltr'><em>ti</em></span> <span class='ocrx_word' id='word_1_86' title='bbox 318 1056 550 1120; x_wconf 80' lang='lat' dir='ltr'><em>negotium</em></span> <span class='ocrx_word' id='word_1_87' title='bbox 556 1053 794 1121; x_wconf 74' lang='lat' dir='ltr'><em>faceffere.</em></span> <span class='ocrx_word' id='word_1_88' title='bbox 860 1059 1018 1123; x_wconf 85' lang='lat' dir='ltr'><em>Atque</em></span> <span class='ocrx_word' id='word_1_89' title='bbox 1037 1057 1108 1105; x_wconf 85' lang='lat' dir='ltr'><em>ita</em></span> <span class='ocrx_word' id='word_1_90' title='bbox 1129 1054 1361 1122; x_wconf 86' lang='lat' dir='ltr'><em>hucusque</em></span> <span class='ocrx_word' id='word_1_91' title='bbox 1379 1052 1512 1118; x_wconf 81' lang='lat' dir='ltr'><em>absti-</em></span> 
     </span>
     <span class='ocr_line' id='line_1_15' title="bbox 257 1119 1517 1187; baseline 0 -16"><span class='ocrx_word' id='word_1_92' title='bbox 257 1125 369 1178; x_wconf 85' lang='lat' dir='ltr'><em>nui,</em></span> <span class='ocrx_word' id='word_1_93' title='bbox 392 1124 589 1187; x_wconf 84' lang='lat' dir='ltr'><em>privata</em></span> <span class='ocrx_word' id='word_1_94' title='bbox 637 1123 710 1172; x_wconf 85' lang='lat' dir='ltr'><em>tui</em></span> <span class='ocrx_word' id='word_1_95' title='bbox 758 1121 1069 1173; x_wconf 84' lang='lat' dir='ltr'><em>admiratione</em></span> <span class='ocrx_word' id='word_1_96' title='bbox 1114 1136 1360 1173; x_wconf 81' lang='lat' dir='ltr'><em>contentus.</em></span> <span class='ocrx_word' id='word_1_97' title='bbox 1427 1119 1517 1172; x_wconf 83' lang='lat' dir='ltr'><em>Sed</em></span> 
     </span>
     <span class='ocr_line' id='line_1_16' title="bbox 258 1189 1514 1256; baseline -0.003 -15"><span class='ocrx_word' id='word_1_98' title='bbox 258 1206 363 1241; x_wconf 90' lang='lat' dir='ltr'><em>cum</em></span> <span class='ocrx_word' id='word_1_99' title='bbox 385 1190 570 1256; x_wconf 83' lang='lat' dir='ltr'><em>egregia</em></span> <span class='ocrx_word' id='word_1_100' title='bbox 582 1204 665 1239; x_wconf 85' lang='lat' dir='ltr'><em>tua</em></span> <span class='ocrx_word' id='word_1_101' title='bbox 688 1189 957 1242; x_wconf 72' lang='lat' dir='ltr'><em>humanitas</em></span> <span class='ocrx_word' id='word_1_102' title='bbox 971 1208 1042 1239; x_wconf 90' lang='lat' dir='ltr'><em>me</em></span> <span class='ocrx_word' id='word_1_103' title='bbox 1053 1204 1199 1256; x_wconf 79' lang='lat' dir='ltr'><em>nuper</em></span> <span class='ocrx_word' id='word_1_104' title='bbox 1214 1191 1514 1256; x_wconf 83' lang='lat' dir='ltr'><em>provocavit,</em></span> 
     </span>
     <span class='ocr_line' id='line_1_17' title="bbox 258 1255 1513 1325; baseline 0 -18"><span class='ocrx_word' id='word_1_105' title='bbox 258 1255 400 1322; x_wconf 87' lang='lat' dir='ltr'><em>officio</em></span> <span class='ocrx_word' id='word_1_106' title='bbox 420 1259 469 1306; x_wconf 86' lang='lat' dir='ltr'><em>in</em></span> <span class='ocrx_word' id='word_1_107' title='bbox 488 1271 535 1306; x_wconf 88' lang='lat' dir='ltr'><em>te</em></span> <span class='ocrx_word' id='word_1_108' title='bbox 556 1275 651 1307; x_wconf 87' lang='lat' dir='ltr'><em>meo</em></span> <span class='ocrx_word' id='word_1_109' title='bbox 673 1257 842 1307; x_wconf 84' lang='lat' dir='ltr'><em>diutius</em></span> <span class='ocrx_word' id='word_1_110' title='bbox 866 1256 1006 1325; x_wconf 72' lang='lat' dir='ltr'><em>deeffi’</em></span> <span class='ocrx_word' id='word_1_111' title='bbox 1024 1258 1164 1308; x_wconf 86' lang='lat' dir='ltr'><em>nolui.</em></span> <span class='ocrx_word' id='word_1_112' title='bbox 1232 1258 1423 1307; x_wconf 87' lang='lat' dir='ltr'><em>Librum</em></span> <span class='ocrx_word' id='word_1_113' title='bbox 1435 1258 1513 1307; x_wconf 85' lang='lat' dir='ltr'><em>Bi·</em></span> 
     </span>
     <span class='ocr_line' id='line_1_18' title="bbox 257 1323 1512 1392; baseline -0.002 -18"><span class='ocrx_word' id='word_1_114' title='bbox 257 1323 485 1375; x_wconf 85' lang='lat' dir='ltr'><em>bliothecae</em></span> <span class='ocrx_word' id='word_1_115' title='bbox 505 1341 662 1389; x_wconf 83' lang='lat' dir='ltr'><em>graecae</em></span> <span class='ocrx_word' id='word_1_116' title='bbox 695 1324 980 1385; x_wconf 78' lang='lat' dir='ltr'><em>noviffimum</em></span> <span class='ocrx_word' id='word_1_117' title='bbox 1010 1343 1148 1392; x_wconf 83' lang='lat' dir='ltr'><em>quem</em></span> <span class='ocrx_word' id='word_1_118' title='bbox 1179 1323 1359 1389; x_wconf 82' lang='lat' dir='ltr'><em>mifisti,</em></span> <span class='ocrx_word' id='word_1_119' title='bbox 1395 1326 1512 1374; x_wconf 62' lang='lat' dir='ltr'><em>recle</em></span> 
     </span>
     <span class='ocr_line' id='line_1_19' title="bbox 256 1392 1513 1459; baseline -0.002 -17"><span class='ocrx_word' id='word_1_120' title='bbox 256 1392 436 1457; x_wconf 83' lang='lat' dir='ltr'><em>accepi,</em></span> <span class='ocrx_word' id='word_1_121' title='bbox 483 1392 535 1454; x_wconf 69' lang='lat'><em>(5</em></span> <span class='ocrx_word' id='word_1_122' title='bbox 555 1409 644 1442; x_wconf 90' lang='lat' dir='ltr'><em>non</em></span> <span class='ocrx_word' id='word_1_123' title='bbox 652 1394 756 1455; x_wconf 84' lang='lat' dir='ltr'><em>sme</em></span> <span class='ocrx_word' id='word_1_124' title='bbox 765 1450 769 1455; x_wconf 90' lang='lat'><em>.</em></span> <span class='ocrx_word' id='word_1_125' title='bbox 772 1392 957 1456; x_wconf 77' lang='lat' dir='ltr'><em>ficmma</em></span> <span class='ocrx_word' id='word_1_126' title='bbox 976 1394 1125 1443; x_wconf 84' lang='lat' dir='ltr'><em>animi</em></span> <span class='ocrx_word' id='word_1_127' title='bbox 1143 1393 1382 1459; x_wconf 83' lang='lat' dir='ltr'><em>voluptate</em></span> <span class='ocrx_word' id='word_1_128' title='bbox 1404 1409 1513 1440; x_wconf 85' lang='lat' dir='ltr'><em>mox·</em></span> 
     </span>
     <span class='ocr_line' id='line_1_20' title="bbox 246 1458 1510 1527; baseline 0.001 -18"><span class='ocrx_word' id='word_1_129' title='bbox 246 1460 456 1526; x_wconf 86' lang='lat' dir='ltr'><em>perlegi,</em></span> <span class='ocrx_word' id='word_1_130' title='bbox 490 1459 619 1527; x_wconf 88' lang='lat' dir='ltr'><em>quod</em></span> <span class='ocrx_word' id='word_1_131' title='bbox 658 1458 711 1520; x_wconf 56' lang='grc' dir='ltr'><em>εἴ</em></span> <span class='ocrx_word' id='word_1_132' title='bbox 753 1461 803 1510; x_wconf 88' lang='lat' dir='ltr'><em>in</em></span> <span class='ocrx_word' id='word_1_133' title='bbox 842 1461 1067 1527; x_wconf 75' lang='lat' dir='ltr'><em>prioribus</em></span> <span class='ocrx_word' id='word_1_134' title='bbox 1111 1462 1253 1510; x_wconf 69' lang='lat' dir='ltr'><em>Tomis</em></span> <span class='ocrx_word' id='word_1_135' title='bbox 1279 1461 1510 1526; x_wconf 81' lang='lat' dir='ltr'><em>feceram.</em></span> 
     </span>
     <span class='ocr_line' id='line_1_21' title="bbox 258 1526 1514 1595; baseline 0 -19"><span class='ocrx_word' id='word_1_136' title='bbox 258 1530 380 1577; x_wconf 68' lang='lat' dir='ltr'><em>Deus</em></span> <span class='ocrx_word' id='word_1_137' title='bbox 403 1527 544 1577; x_wconf 85' lang='lat' dir='ltr'><em>bone!</em></span> <span class='ocrx_word' id='word_1_138' title='bbox 578 1541 690 1595; x_wconf 86' lang='lat' dir='ltr'><em>quot</em></span> <span class='ocrx_word' id='word_1_139' title='bbox 705 1526 947 1595; x_wconf 71' lang='lat' dir='ltr'><em>&amp;quanta</em></span> <span class='ocrx_word' id='word_1_140' title='bbox 961 1546 1032 1578; x_wconf 89' lang='lat' dir='ltr'><em>me</em></span> <span class='ocrx_word' id='word_1_141' title='bbox 1043 1527 1254 1589; x_wconf 77' lang='lat' dir='ltr'><em>docuisti,</em></span> <span class='ocrx_word' id='word_1_142' title='bbox 1289 1527 1369 1576; x_wconf 88' lang='lat' dir='ltr'><em>vel</em></span> <span class='ocrx_word' id='word_1_143' title='bbox 1379 1527 1514 1593; x_wconf 78' lang='lat' dir='ltr'><em>prius</em></span> 
     </span>
     <span class='ocr_line' id='line_1_22' title="bbox 256 1593 1512 1664; baseline -0.001 -20"><span class='ocrx_word' id='word_1_144' title='bbox 256 1593 521 1660; x_wconf 83' lang='lat' dir='ltr'><em>incognita,</em></span> <span class='ocrx_word' id='word_1_145' title='bbox 568 1595 649 1645; x_wconf 85' lang='lat' dir='ltr'><em>vel</em></span> <span class='ocrx_word' id='word_1_146' title='bbox 674 1614 704 1646; x_wconf 86' lang='lat' dir='ltr'><em>a</em></span> <span class='ocrx_word' id='word_1_147' title='bbox 737 1613 809 1645; x_wconf 86' lang='lat' dir='ltr'><em>me</em></span> <span class='ocrx_word' id='word_1_148' title='bbox 840 1594 1151 1664; x_wconf 70' lang='lat' dir='ltr'><em>praetermiffb.</em></span> <span class='ocrx_word' id='word_1_149' title='bbox 1221 1596 1398 1646; x_wconf 73' lang='lat' dir='ltr'><em>Nollem</em></span> <span class='ocrx_word' id='word_1_150' title='bbox 1427 1594 1512 1644; x_wconf 79' lang='lat' dir='ltr'><em>tibi</em></span> 
     </span>
     <span class='ocr_line' id='line_1_23' title="bbox 256 1659 1512 1726; baseline -0.001 -15"><span class='ocrx_word' id='word_1_151' title='bbox 256 1662 308 1711; x_wconf 90' lang='lat' dir='ltr'><em>in</em></span> <span class='ocrx_word' id='word_1_152' title='bbox 330 1680 381 1711; x_wconf 79' lang='lat' dir='ltr'><em>os</em></span> <span class='ocrx_word' id='word_1_153' title='bbox 398 1662 539 1712; x_wconf 83' lang='lat' dir='ltr'><em>verba</em></span> <span class='ocrx_word' id='word_1_154' title='bbox 559 1662 701 1718; x_wconf 84' lang='lat' dir='ltr'><em>dare,</em></span> <span class='ocrx_word' id='word_1_155' title='bbox 733 1662 831 1713; x_wconf 82' lang='lat' dir='ltr'><em>ida</em></span> <span class='ocrx_word' id='word_1_156' title='bbox 856 1664 1048 1714; x_wconf 76' lang='lat' dir='ltr'><em>moribus</em></span> <span class='ocrx_word' id='word_1_157' title='bbox 1078 1668 1187 1713; x_wconf 81' lang='lat' dir='ltr'><em>meis</em></span> <span class='ocrx_word' id='word_1_158' title='bbox 1215 1660 1277 1726; x_wconf 88' lang='lat' dir='ltr'><em>est</em></span> <span class='ocrx_word' id='word_1_159' title='bbox 1303 1659 1512 1722; x_wconf 63' lang='lat' dir='ltr'><em>alienifft&#39;·</em></span> 
     </span>
     <span class='ocr_line' id='line_1_24' title="bbox 257 1728 1512 1797; baseline -0.001 -18"><span class='ocrx_word' id='word_1_160' title='bbox 257 1746 400 1779; x_wconf 88' lang='lat' dir='ltr'><em>mum.</em></span> <span class='ocrx_word' id='word_1_161' title='bbox 471 1730 719 1797; x_wconf 77' lang='lat' dir='ltr'><em>Praefifiini</em></span> <span class='ocrx_word' id='word_1_162' title='bbox 736 1731 964 1792; x_wconf 75' lang='lat' dir='ltr'><em>dixerim,</em></span> <span class='ocrx_word' id='word_1_163' title='bbox 993 1749 1064 1781; x_wconf 86' lang='lat' dir='ltr'><em>me</em></span> <span class='ocrx_word' id='word_1_164' title='bbox 1086 1731 1313 1781; x_wconf 82' lang='lat' dir='ltr'><em>hominem</em></span> <span class='ocrx_word' id='word_1_165' title='bbox 1337 1728 1423 1791; x_wconf 76' lang='lat' dir='ltr'><em>etfi</em></span> <span class='ocrx_word' id='word_1_166' title='bbox 1434 1729 1512 1794; x_wconf 90' lang='lat' dir='ltr'><em>se-</em></span> 
     </span>
     <span class='ocr_line' id='line_1_25' title="bbox 247 1797 1513 1866; baseline 0.001 -20"><span class='ocrx_word' id='word_1_167' title='bbox 247 1799 562 1863; x_wconf 82' lang='lat' dir='ltr'><em>ptuagenario</em></span> <span class='ocrx_word' id='word_1_168' title='bbox 591 1797 812 1860; x_wconf 79' lang='lat' dir='ltr'><em>majorem</em></span> <span class='ocrx_word' id='word_1_169' title='bbox 841 1799 910 1849; x_wconf 86' lang='lat' dir='ltr'><em>ad</em></span> <span class='ocrx_word' id='word_1_170' title='bbox 931 1798 1075 1866; x_wconf 85' lang='lat' dir='ltr'><em>pedes</em></span> <span class='ocrx_word' id='word_1_171' title='bbox 1101 1813 1207 1849; x_wconf 87' lang='lat' dir='ltr'><em>tuos</em></span> <span class='ocrx_word' id='word_1_172' title='bbox 1224 1797 1390 1864; x_wconf 88' lang='lat' dir='ltr'><em>sedere</em></span> <span class='ocrx_word' id='word_1_173' title='bbox 1419 1813 1513 1847; x_wconf 86' lang='lat' dir='ltr'><em>non</em></span> 
     </span>
     <span class='ocr_line' id='line_1_26' title="bbox 257 1861 846 1932; baseline 0.008 -19"><span class='ocrx_word' id='word_1_174' title='bbox 257 1861 341 1932; x_wconf 76' lang='lat' dir='ltr'><em>effi’</em></span> <span class='ocrx_word' id='word_1_175' title='bbox 361 1864 739 1931; x_wconf 81' lang='lat' dir='ltr'><em>dedignaturum.</em></span> <span class='ocrx_word' id='word_1_176' title='bbox 755 1864 808 1928; x_wconf 67' lang='lat'><em>&lt;5</em></span> <span class='ocrx_word' id='word_1_177' title='bbox 808 1883 846 1918; x_wconf 89' lang='lat' dir='ltr'><em>c.</em></span> 
     </span>
    </p>
   </div>
   <div class='ocr_carea' id='block_1_3' title="bbox 66 1988 1595 2474">
    <p class='ocr_par' dir='ltr' id='par_1_3' title="bbox 66 1988 1595 2474">
     <span class='ocr_line' id='line_1_27' title="bbox 789 1988 979 2058; baseline -0.016 -15"><span class='ocrx_word' id='word_1_178' title='bbox 789 1988 828 2058; x_wconf 85' lang='lat'><em>§.</em></span> <span class='ocrx_word' id='word_1_179' title='bbox 903 2000 979 2049; x_wconf 86' lang='lat'><em>28.</em></span> 
     </span>
     <span class='ocr_line' id='line_1_28' title="bbox 70 2067 1514 2125; baseline -0.002 -2"><span class='ocrx_word' id='word_1_180' title='bbox 70 2089 235 2123; x_wconf 68' lang='lat' dir='ltr'><em>Honores</em></span> <span class='ocrx_word' id='word_1_181' title='bbox 251 2090 262 2095; x_wconf 58' lang='grc'><em>·’</em></span> <span class='ocrx_word' id='word_1_182' title='bbox 321 2068 516 2122; x_wconf 82' lang='lat' dir='ltr'><em>Possem</em></span> <span class='ocrx_word' id='word_1_183' title='bbox 538 2070 720 2123; x_wconf 86' lang='lat' dir='ltr'><em>harum</em></span> <span class='ocrx_word' id='word_1_184' title='bbox 744 2073 1010 2125; x_wconf 84' lang='lat' dir='ltr'><em>nationum</em></span> <span class='ocrx_word' id='word_1_185' title='bbox 1045 2070 1172 2124; x_wconf 80' lang='lat' dir='ltr'><em>alios</em></span> <span class='ocrx_word' id='word_1_186' title='bbox 1194 2071 1344 2123; x_wconf 80' lang='lat' dir='ltr'><em>Viros</em></span> <span class='ocrx_word' id='word_1_187' title='bbox 1366 2067 1514 2122; x_wconf 77' lang='lat' dir='ltr'><em>Cele-</em></span> 
     </span>
     <span class='ocr_line' id='line_1_29' title="bbox 68 2136 1515 2207; baseline -0.001 -18"><span class='ocrx_word' id='word_1_188' title='bbox 68 2139 235 2201; x_wconf 64' lang='lat' dir='ltr'><em>Fabricio</em></span> <span class='ocrx_word' id='word_1_189' title='bbox 257 2136 507 2191; x_wconf 75' lang='lat' dir='ltr'><em>bern-imos</em></span> <span class='ocrx_word' id='word_1_190' title='bbox 532 2138 852 2207; x_wconf 76' lang='lat' dir='ltr'><em>complureS,</em></span> <span class='ocrx_word' id='word_1_191' title='bbox 878 2152 991 2192; x_wconf 87' lang='lat' dir='ltr'><em>tum</em></span> <span class='ocrx_word' id='word_1_192' title='bbox 1012 2157 1077 2192; x_wconf 87' lang='lat' dir='ltr'><em>ex</em></span> <span class='ocrx_word' id='word_1_193' title='bbox 1100 2138 1515 2206; x_wconf 79' lang='lat' dir='ltr'><em>ltalispraesertim</em></span> 
     </span>
     <span class='ocr_line' id='line_1_30' title="bbox 66 2194 1595 2277; baseline 0 -21"><span class='ocrx_word' id='word_1_194' title='bbox 66 2194 219 2238; x_wconf 72' lang='lat'><em>&#39;&#39;¹⁶¹¹&#39;‘·</em></span> <span class='ocrx_word' id='word_1_195' title='bbox 247 2204 507 2263; x_wconf 56' lang='lat' dir='ltr'><em>illustriss„</em></span> <span class='ocrx_word' id='word_1_196' title='bbox 520 2209 782 2259; x_wconf 86' lang='lat' dir='ltr'><em>Comitem</em></span> <span class='ocrx_word' id='word_1_197' title='bbox 816 2211 1107 2277; x_wconf 86' lang='lat' dir='ltr'><em>Scipionem</em></span> <span class='ocrx_word' id='word_1_198' title='bbox 1137 2206 1413 2271; x_wconf 83' lang='lat' dir='ltr'><em>Maffeum,</em></span> <span class='ocrx_word' id='word_1_199' title='bbox 1449 2222 1515 2257; x_wconf 86' lang='lat' dir='ltr'><em>ex</em></span> <span class='ocrx_word' id='word_1_200' title='bbox 1593 2227 1595 2231; x_wconf 95' lang='lat'>·</span> 
     </span>
     <span class='ocr_line' id='line_1_31' title="bbox 246 2275 1593 2341; baseline -0.002 -16"><span class='ocrx_word' id='word_1_201' title='bbox 246 2276 429 2326; x_wconf 76' lang='lat' dir='ltr'><em>‘Suecis</em></span> <span class='ocrx_word' id='word_1_202' title='bbox 452 2278 494 2328; x_wconf 91' lang='lat' dir='ltr'><em>S.</em></span> <span class='ocrx_word' id='word_1_203' title='bbox 515 2277 571 2327; x_wconf 91' lang='lat' dir='ltr'><em>R.</em></span> <span class='ocrx_word' id='word_1_204' title='bbox 595 2275 1133 2341; x_wconf 84' lang='lat' dir='ltr'><em>EricumBenzelium,</em></span> <span class='ocrx_word' id='word_1_205' title='bbox 1162 2292 1228 2327; x_wconf 84' lang='lat' dir='ltr'><em>ex</em></span> <span class='ocrx_word' id='word_1_206' title='bbox 1240 2276 1399 2326; x_wconf 85' lang='lat' dir='ltr'>Danis</span> <span class='ocrx_word' id='word_1_207' title='bbox 1415 2276 1516 2323; x_wconf 86' lang='lat' dir='ltr'><em>Ex·</em></span> <span class='ocrx_word' id='word_1_208' title='bbox 1592 2291 1593 2301; x_wconf 54' lang='lat'>¹</span> 
     </span>
     <span class='ocr_line' id='line_1_32' title="bbox 258 2339 1591 2419; baseline -0.002 -25"><span class='ocrx_word' id='word_1_209' title='bbox 258 2341 667 2396; x_wconf 86' lang='lat' dir='ltr'><em>cellentiffimum</em></span> <span class='ocrx_word' id='word_1_210' title='bbox 696 2346 776 2407; x_wconf 92' lang='lat' dir='ltr'><em>Jo.</em></span> <span class='ocrx_word' id='word_1_211' title='bbox 801 2345 1151 2411; x_wconf 79' lang='lat' dir='ltr'><em>Grammium‚</em></span> <span class='ocrx_word' id='word_1_212' title='bbox 1180 2353 1413 2419; x_wconf 58' lang='lat' dir='ltr'><em>oeten-082</em></span> <span class='ocrx_word' id='word_1_213' title='bbox 1432 2339 1517 2393; x_wconf 83' lang='lat' dir='ltr'><em>ad·</em></span> <span class='ocrx_word' id='word_1_214' title='bbox 1590 2345 1591 2354; x_wconf 60' lang='lat'>¹</span> 
     </span>
     <span class='ocr_line' id='line_1_33' title="bbox 1003 2425 1513 2474; baseline -0.002 -13"><span class='ocrx_word' id='word_1_215' title='bbox 1003 2428 1007 2430; x_wconf 46' lang='lat'><strong><em>⁴</em></strong></span> <span class='ocrx_word' id='word_1_216' title='bbox 1398 2425 1513 2474; x_wconf 80' lang='lat' dir='ltr'><em>Jun-</em></span> 
     </span>
    </p>
   </div>
   <div class='ocr_carea' id='block_1_4' title="bbox 1569 0 1638 2678">
    <p class='ocr_par' dir='ltr' id='par_1_4' title="bbox 1569 0 1638 2678">
     <span class='ocr_line' id='line_1_34' title="bbox 1569 0 1638 2678; baseline 0 0"><span class='ocrx_word' id='word_1_217' title='bbox 1569 0 1638 2678; x_wconf 95' lang='lat' dir='ltr'><em> </em></span> 
     </span>
    </p>
   </div>
  </div>
 </body>
</html>
