1638 2678
0 362 5 432 μ

0 819 5 1089 ἒ

2 1153 5 1239 1

242 110 499 166 MAYERI
535 107 902 164 CONSTANS
932 102 1176 159 FAVOR.
1279 122 1340 171 31

78 196 1337 224 ..---------——--——-———-—-

70 252 312 306 Praedicat
333 249 469 301 enim
494 249 624 299 inter
642 258 834 311 cetera,
865 260 985 296 eum
1021 260 1127 296 non
1159 245 1340 313 paucis

72 322 195 373 viris
217 316 385 372 doeh's
410 318 534 368 intra
569 314 618 367 ἃ
653 326 792 366 extra
826 314 1149 381 Germaniam
1184 313 1339 364 inno-

70 386 242 451 tuisse,
277 386 364 454 qui
388 384 760 437 commercium
784 380 1059 435 literarium
1083 397 1204 432 cum
1227 379 1343 449 ipib

70 456 330 509 instituere
351 453 428 505 vel
455 454 607 504 etiam
631 453 680 503 in
707 451 902 520 lcriptis
925 449 1027 502 suis
1041 449 1150 515 eJus
1165 447 1341 502 hono-

72 524 266 577 riflcam
289 523 604 575 mentionem
635 517 800 572 facere
831 516 924 571 fint
954 517 1164 586 dignati.
1237 519 1339 570 De·

70 594 228 659 nique
250 594 300 643 in
321 588 468 642 illum
495 590 769 642 convenire
796 587 922 640 dicit
954 585 1086 639 illud
1109 586 1231 646 Jam'
1251 586 1339 638 Ni-

70 664 131 714 cii
143 660 391 727 Erythraei
411 657 475 710 de
500 658 738 722 Francisco
763 654 1042 708 Panicarola
1056 655 1339 720 judicium:

72 729 160 797 (g)
198 729 272 779 De
294 744 386 796 quo
406 725 454 791 fi
468 725 579 794 quis
610 727 814 782 dixerit,
849 737 983 774 tanto
1015 740 1121 776 eum
1152 723 1342 788 ingenio

70 795 156 867 effi’
170 829 182 851 .
219 810 273 847 ut
302 811 588 864 quaecunque
620 792 732 859 fiant
769 795 827 842 in·
846 791 1104 843 liberalibus
1136 790 1341 857 d1sc‘ipli·

68 871 148 918 m's
178 861 324 931 polita
365 862 673 929 intelligentia
718 858 1073 927 comprehendat
1096 901 1112 927 ‚
1147 859 1199 924 fi
1225 859 1341 927 quis

69 945 392 986 commemoret
418 966 435 988 ‚
486 945 626 981 tanta
676 946 782 981 eum
829 926 1060 992 industria
1089 926 1342 996 studioque

68 997 314 1068 exstihffi,
353 1012 409 1050 ut
461 1015 618 1050 omnes
671 998 879 1049 omnium
920 997 1066 1047 libros
1082 1030 1100 1052 ,
1135 1012 1342 1064 quorum

4 1125 5 1138 χ
68 1085 285 1121 numerus
323 1069 411 1118 vix
445 1067 561 1118 iniri
592 1065 762 1132 potest,
797 1081 1092 1133 quorumque
1117 1064 1342 1116 indicibus

67 1136 277 1204 legendis
307 1136 394 1186 vix
425 1134 564 1201 longa
592 1135 726 1185 unius
760 1133 963 1184 hominis
985 1134 1090 1183 vita
1109 1130 1344 1200 staffic'iat‚

70 1204 339 1271 diligenter·
356 1203 617 1259 evolverit,
652 1220 708 1253 ac
741 1202 864 1252 notis
891 1201 943 1252 in
977 1218 1136 1252 eorum
1165 1202 1343 1267 margi-

3 1316 5 1322 ,
67 1274 197 1326 nibus
232 1271 480 1337 adfiriptis
513 1268 821 1335 illustraverit
844 1305 858 1327 ‚
905 1267 958 1331 ξς
959 1285 997 1321 c.
1062 1268 1212 1319 latine
1248 1285 1343 1320 non

3 1342 5 1368 ²
68 1341 274 1392 oratorie
294 1339 581 1407 loqueretur.
653 1337 793 1390 Idem
810 1342 1050 1402 Mayerus
1072 1336 1345 1404 postquam.

67 1406 376 1476 Hamburgo
399 1405 703 1473 discesserat,
739 1409 842 1475 pari
864 1422 1036 1460 amore
1049 1404 1342 1461 Fabricium

2 1486 5 1544 j
69 1477 242 1530 colere
269 1493 372 1528 non
396 1475 609 1542 destitit,
645 1477 699 1527 in
722 1474 882 1527 literis
905 1491 1028 1527 eum
1046 1475 1243 1544 semper
1276 1474 1340 1526 fi-

68 1545 129 1598 lii
161 1541 470 1597 dilefflffimi
506 1543 663 1596 titulo
697 1542 1028 1611 compellans.
1073 1542 1214 1596 Idem
1248 1545 1341 1596 Fa-

3 1650 5 1663 2
68 1614 293 1668 bricium
325 1611 581 1665 absentem
612 1604 872 1681 propofito
917 1611 1126 1665 lautiori
1159 1610 1341 1665 salario

4 1683 5 1732 ἶ
73 1700 185 1745 ςοο.
211 1679 497 1734 solidorum
519 1679 888 1751 imperialium,
923 1680 986 1733 ad
1008 1678 1059 1733 se
1092 1681 1344 1750 Gryphis,
1389 1712 1394 1713 ff

4 1750 5 1816 ξ
66 1749 299 1804 waldiam
323 1767 537 1802 evocare
557 1762 771 1803 conatus
795 1749 879 1802 est.
950 1750 1187 1816 Denique
1216 1766 1343 1818 pau-

3 1817 5 1858 3
67 1818 125 1873 lo
145 1831 260 1872 ante
287 1830 534 1889 mortem,
570 1819 711 1871 suam
745 1817 823 1870 illi
861 1819 1165 1886 imaginem,
1196 1833 1344 1871 amo-

4 1927 5 1958 3
63 1890 138 1941 ris
163 1886 226 1940 ad
245 1887 358 1940 vitae
377 1899 602 1940 extrema
623 1886 896 1939 constantis
916 1885 1161 1947 tesseram,
1197 1886 1343 1939 dono

48 2161 309 2216 -cellentes
330 2175 514 2215 naturae
534 2162 645 2228 ejus
667 2160 717 2214 ἂ
739 2161 936 2231 ingenii
970 2161 1186 2214 virtutes
1206 2177 1342 2280 c{vrat-

68 1953 218 2010 mifit.
307 1955 453 2030 Q1id
483 1956 686 2008 mirum.
706 1956 889 2024 igitur,
920 1955 954 2008 fi
986 1956 1121 2007 tanti.
1145 1954 1224 2007 sui
1256 1957 1343 2008 Pa·

66 2023 278 2078 troni&
306 2026 600 2077 Maecenatis
632 2026 938 2078 memoriam
972 2020 1232 2077 Fabricius
1265 2027 1343 2076 vi·
1388 2046 1390 2051 ·
1456 2008 1458 2010 ’

67 2092 231 2146 ciffim
251 2091 315 2145 ad
335 2096 532 2145 cineres
556 2109 721 2159 usque
754 2104 1019 2145 veneratus
1052 2091 1145 2157 est,
1183 2089 1232 2163 fiss
1249 2108 1343 2143 ex-

1241 2246 1342 2284 lca·

124 2452 193 2506 (g)
216 2420 430 2506 Etythraeu}
447 2451 718 2501 Pinacoth'ecae.
740 2470 779 2512 p.
803 2460 870 2508 81.
