1638 2678
288 140 390 197 236
762 134 1072 189 CVPERVS.

289 273 439 330 fuiffe
461 275 759 346 amplexum
791 277 1097 346 religionem
1120 276 1457 331 Christianam
1477 275 1559 330 vel

289 345 401 406 eius
423 344 716 414 cognovisse
734 346 966 413 mysteria
978 363 1002 406 3>
1026 344 1078 398 ἃ
1096 345 1218 398 inde
1237 361 1558 413 nequaquam

292 410 562 467 verisimile
594 411 692 466 effe
713 456 728 481 ,
772 414 997 467 eundem
1037 412 1261 484 potuisse
1286 415 1563 466 commini-

288 480 362 534 sci
386 481 642 548 ejusmodi
661 481 914 551 pisturam
934 481 1291 551 &scripturam
1312 481 1375 534 ab
1393 497 1460 534 eo
1480 483 1560 535 vi-

233 617 237 619 *
286 549 364 602 sas
388 548 501 603 effe.
571 551 718 624 Qid
736 550 878 619 quod
940 548 977 603 fi
998 550 1103 603 hoc
1125 551 1455 619 excogitavit,
1476 561 1558 602 to-

287 620 435 685 tique
465 621 741 690 narrationi
775 593 907 672 nihii
937 620 1044 671 veri
1076 618 1232 685 inest,
1271 616 1466 671 neceffe
1499 616 1558 672 fit

291 688 532 753 omnin0‚
568 703 779 740 omnem
790 684 895 741 fere
908 688 1195 739 exercitum
1203 688 1315 752 ejus
1327 703 1393 738 ex
1407 685 1558 739 Chri-

286 752 460 814 stianis
501 755 801 822 constitiffe‚
844 767 903 809 ut
933 757 1000 807 ita
1031 772 1123 808 eos
1155 772 1243 824 per
1277 753 1556 822 Christum,

285 838 445 888 quem
477 820 569 877 fibi
604 821 903 877 adfuturum
932 822 1182 892 fingebat,
1226 822 1290 876 ad
1360 821 1555 877 raelium

283 890 598 946 accenderet.
667 892 767 945 Sed
787 910 909 944 cum
926 890 1032 944 hoc
1054 890 1202 944 nullo
1225 907 1316 944 mo
1354 888 1457 943 ofit
1468 908 1556 943 ve-

284 958 521 1028 rifimile‚
555 977 655 1030 ego
675 960 886 1028 quidem
910 959 1068 1012 visam
1086 977 1312 1016 crucem,
1346 958 1428 1011 vel
1449 961 1553 1028 pri·
1608 1007 1617 1015 „

284 1044 396 1081 mas
418 1031 646 1081 nominis
669 1028 856 1082 Christi
875 1027 1090 1090 litteram,
1125 1027 1452 1095 additamque
1470 1029 1552 1080 in-

286 1096 638 1160 scriptionem,
659 1097 866 1163 rejicere
886 1096 1035 1166 plane
1059 1113 1165 1149 non
1179 1092 1350 1148 aufim.

350 1166 551 1218 Notum
574 1166 644 1218 est
663 1167 780 1218 satis
818 1166 1084 1233 iuperque‚
1101 1164 1288 1233 «γραφὴν
1309 1162 1554 1217 denotare

282 1233 564 1303 pisturann
599 1232 686 1286 sed
708 1246 877 1287 tamen
900 1249 1007 1286 non
1028 1244 1172 1301 puto,
1204 1230 1347 1299 quod
1366 1230 1455 1284 fiat
1467 1247 1552 1299 pa«

281 1318 344 1355 ce
366 1313 452 1354 tua
514 1319 580 1356 eo
591 1301 735 1355 sensu
749 1318 933 1354 vocem
945 1300 1076 1354 hanc
1090 1303 1154 1352 us
1149 1302 1290 1369 upari
1300 1298 1549 1363 Eusebios

278 1369 424 1437 quod
463 1389 480 1423 1
503 1372 572 1423 ita
597 1370 870 1424 historicus
892 1368 980 1421 ille
1002 1367 1336 1438 explicandus
1355 1367 1552 1435 est‚mi-
1619 1412 1623 1430 [ἵ

279 1437 340 1490 hi
360 1440 581 1491 omnino
611 1435 879 1492 verifimile
908 1437 1137 1502 videtur,
1170 1453 1292 1489 eum
1321 1452 1428 1488 non
1460 1435 1550 1487 ad-

280 1505 513 1560 diturum
537 1511 743 1573 λέγεσοιν
762 1506 911 1577 τούτῳ
931 1509 1055 1572 νίκα,
1091 1503 1179 1557 sed
1206 1502 1459 1574 pisturam
1488 1502 1554 1555 il·
1592 1527 1594 1529 ·

277 1573 384 1627 lam
408 1573 491 1627 vel
509 1591 755 1628 coronam
779 1572 1032 1641 designare
1052 1571 1350 1632 vistoriam3
1380 1588 1551 1639 neque
1618 1589 1621 1597 ¹

276 1644 448 1710 enim,
492 1655 551 1695 ut
580 1642 710 1695 mihi
742 1641 969 1709 videtur,
1006 1641 1119 1695 ullo
1148 1640 1313 1693 modo
1344 1656 1549 1692 coronae
1593 1654 1598 1662 ·

277 1711 392 1763 visae
415 1712 471 1762 in
491 1710 616 1764 caelo
637 1711 904 1773 convenit,
940 1710 1069 1782 τέτῳ
1089 1708 1172 1761 vel
1191 1714 1232 1762 ἐν
1251 1708 1382 1781 niv-qv
1419 1712 1547 1767 νίκας
1592 1723 1594 1726 ·

256 1781 470 1831 'corona
492 1779 702 1845 quidem
723 1779 792 1830 est
811 1776 1036 1831 vistoriae
1056 1776 1328 1843 indicium,
1361 1775 1449 1829 sed
1461 1793 1549 1829 ne·
1616 1828 1619 1845 ‚

275 1846 387 1899 scio
411 1863 474 1899 an
493 1846 630 1900 reste
642 1848 746 1899 dici
767 1846 934 1915 posfit,
947 1863 1037 1913 per
1056 1861 1320 1911 coronam,
1349 1843 1432 1897 vel
1443 1860 1547 1912 ope

277 1923 481 1968 coronae
518 1914 632 1967 visae
664 1915 889 1981 aliquem
920 1911 1171 1967 vidiorem
1192 1910 1548 1972 fore3‘Philo-

275 1981 497 2051 storgius
517 1983 746 2050 loquitur
767 1981 980 2049 quidem
1005 1981 1069 2034 de
1089 1979 1245 2046 iride,
1279 1977 1362 2031 vel
1390 1997 1545 2033 coro-

273 2067 340 2104 na
376 2050 439 2103 ad
460 2051 607 2105 instar
629 2051 802 2108 iridis,
837 2049 923 2102 sed
954 2049 1096 2102 addit
1128 2047 1264 2102 red’te
1286 2044 1444 2115 ἐὸἧλε,
1463 2049 1545 2099 de·
1611 2069 1615 2125 ζ

259 2117 513 2185 signabat,
549 2136 655 2184 non
686 2129 858 2171 autem
878 2119 1040 2171 utitur
1061 2133 1191 2169 voce
1209 2120 1385 2182 λέγειν,
1406 2128 1463 2168 ut
1483 2127 1544 2169 ut
1612 2166 1613 2172 ,
1635 2117 1638 2175 J

309 2185 469 2240 icstura
492 2186 597 2240 dici
621 2187 770 2255 poffit
790 2189 947 2251 λέγειν.
1017 2188 1169 2239 Certe
1201 2200 1392 2237 corona
1414 2188 1543 2251 λέγει
1591 2222 1602 2255 3

295 2257 532 2323 oquitur,
566 2254 760 2307 indicat
794 2252 1082 2321 vidioriam,
1113 2251 1201 2306 sed
1232 2269 1339 2305 non
1359 2252 1540 2321 potest,
1591 2257 1613 2312 2³

272 2320 366 2376 nifi
395 2339 480 2375 me
507 2322 654 2390 plane
686 2321 839 2389 fallo,
874 2333 1050 2374 notare
1080 2320 1210 2390 τέτῳ
1240 2325 1365 2378 νίκας
1409 2318 1540 2388 quid
1587 2327 1611 2363 ,ἐ

271 2392 414 2449 enim
425 2389 545 2448 effet
555 2391 643 2447 hac
663 2407 832 2459 corona
851 2389 1020 2444 vince?
1032 2392 1206 2468 Qare
1215 2399 1268 2443 te
1287 2389 1442 2443 etiam
1463 2398 1540 2440 at·
1580 2387 1601 2430 ‘l‘
1636 2424 1638 2426 -

1430 2469 1537 2523 que
1591 2492 1593 2494 -

1615 907 1624 935 1
1635 936 1638 955 <¹

1604 1031 1631 1058 Ἃ(

1600 1059 1631 1205 ξ

1624 1128 1629 1137 ι

1622 1196 1627 1208 ι
