1638 2678
522 119 900 179 ECCARDVS.
1245 143 1270 176 2
1282 142 1339 190 5¹

69 256 204 311 ‹stius
252 274 449 324 varegos
493 254 574 311 vel
619 274 817 324 wargos.
887 260 1115 328 Wargus
1166 269 1341 311 autem

20 381 21 387 ,
68 326 354 380 Theotisce
381 325 432 379 ἀ
466 341 597 378 wraec
628 324 1045 395 Anglosaxonice
1081 326 1151 380 est
1184 326 1343 380 latro,

70 395 210 452 exul,
245 396 320 445 ein
342 394 639 461 avanturier,
669 408 862 462 pyrata.
934 397 1224 449 Hincmare
1237 392 1347 446 Bal-

20 495 21 501 =
67 462 270 516 thicum
284 461 624 529 Ruffi‚veteris
641 464 868 517 nominis
881 475 1239 532 tenace8,mare
1249 478 1347 514 wa-

69 533 276 598 regicum
298 530 468 584 adhuc
489 542 675 583 vocant
696 531 743 584 ἀ
769 534 966 599 Wagriae
978 532 1215 586 voxinde
1228 548 1342 585 cor-

66 611 211 667 rupta
249 598 407 652 restat.
477 601 577 655 Uti
612 612 782 653 autem
820 618 885 654 ex
921 619 1126 668 varegus
1145 598 1344 655 fafium

20 691 21 719 1
66 667 137 722 est
167 667 373 720 tandem
404 685 654 734 warengus
695 669 745 722 ἃ
773 687 1057 737 waningus,
1092 671 1159 723 ita
1192 670 1243 723 &
1275 687 1343 723 ex

67 754 244 788 vracus
267 734 505 805 prodiisse
538 736 694 790 credo
719 739 947 789 Francus.
1018 739 1343 805 Francosque

67 805 238 875 postea
267 816 421 858 notos
446 822 472 857 a
497 804 725 858 Cimbris
758 808 1011 875 originem
1046 807 1096 860 ἃ
1128 805 1344 876 appella-

66 875 266 927 tionem
288 873 422 926 hanc
443 872 697 934 habuiffe,
735 892 858 927 vero
892 874 1025 928 mihi
1055 874 1217 929 fimile
1253 875 1340 929 est.

20 983 21 987 ,
65 943 242 1005 Favet,
280 941 422 1009 quod
449 954 643 995 veteres
665 942 933 1010 scriptores
955 960 1147 997 nomen
1180 944 1287 997 hoc
1315 960 1345 997 a

51 1010 224 1080 frech,
259 1008 408 1063 ferox
431 1010 693 1064 deduxisse
715 1012 976 1066 videntur:
1010 1009 1162 1080 favet,
1200 1011 1347 1082 quod

67 1082 257 1132 Snorro
294 1078 466 1132 adhuc
511 1097 616 1132 non
641 1081 1015 1139 Francolandia‚
1050 1081 1136 1134 sed
1176 1083 1350 1133 Fraco-

19 1146 20 1149 ’
69 1147 191 1198 land
215 1147 411 1200 scribat.
482 1149 662 1201 Vicina
686 1151 908 1218 Wagriae
941 1149 1012 1201 est
1041 1152 1216 1218 regie,
1253 1149 1347 1203 ubi

68 1213 377 1269 Ptolomaeus
401 1217 521 1267 duas
544 1218 815 1275 Mariones,
852 1217 1040 1271 Paulus
1075 1221 1345 1272 Diaconus

68 1283 119 1337 ἀ
144 1288 451 1352 Anonymus
490 1286 751 1338 Ravennas
790 1287 1117 1353 Mauringiam
1156 1286 1345 1355 locant,

67 1369 97 1406 a
156 1351 422 1419 aludibus‚
458 1351 647 1419 quibus
662 1355 806 1422 regio
818 1353 1235 1425 Meclenburgica
1249 1374 1346 1426 pra:

70 1438 123 1474 re
148 1422 284 1487 iquis
316 1421 542 1474 abundat
563 1463 580 1489 ‚
621 1420 825 1477 dietam.
910 1422 1044 1476 Slavi
1078 1428 1347 1493 regionem

70 1487 383 1556 adjacentem
421 1491 749 1542 Pomeraniam
782 1490 998 1560 deinde,
1034 1492 1171 1560 quafi
1200 1495 1351 1560 regio-

57 1575 177 1611 mm
186 1572 335 1626 prope
365 1570 550 1611 terram
581 1558 878 1627 paludosam
909 1557 1008 1615 five
1035 1577 1180 1629 prope
1206 1565 1357 1614 Mau--⁸

67 1627 278 1692 ringiam
309 1643 571 1680 vocavere.
643 1631 816 1680 Terrae
847 1640 1048 1697 autem,
1093 1631 1183 1683 ubi
1216 1628 1353 1683 linea

68 1695 379 1761 {Francorum
408 1707 662 1750 remorata·
678 1697 774 1764 est,
804 1700 1040 1767 proxima
1074 1696 1178 1752 fuit
1197 1702 1351 1752 Mau-

68 1765 304 1831 ringiae.„
374 1767 655 1818 Hanoverae
678 1765 726 1818 d.
758 1784 833 1818 11.
855 1769 989 1819 Nov.
1015 1780 1158 1833 1718.
1276 1787 1278 1789 ’

136 1835 303 1892 †Non
331 1831 440 1885 sum
465 1832 684 1898 nescius,
719 1833 949 1901 quaedam
961 1835 1152 1889 horum
1173 1836 1352 1905 paffim

69 1898 283 1968 attigiffe
314 1900 598 1954 Eccardum
623 1902 685 1955 ad
709 1905 866 1972 Legg.
882 1904 1350 1958 Francorum&Ri-

69 1970 398 2039 puariorum‚
432 1968 588 2022 malui
614 1983 783 2024 tamen
808 1987 917 2023 uno
942 1990 1081 2026 nexu
1103 1969 1353 2026 exhibere

43 2077 49 2085 .
71 2037 328 2161 ‘elagantes
352 2038 417 2092 de
440 2054 528 2093 ora
542 2037 925 2110 septentrionali
936 2043 1215 2096 Germaniae
1231 2057 1353 2095 con·

70 2124 118 2174 Je
179 2123 307 2161 uras.

476 2231 573 2293 JO.
610 2232 874 2285 FABRICI
876 2235 965 2287 VS.

19 2351 72 2407 ς
140 2311 332 2380 „Filius
361 2331 539 2381 meus,
582 2316 670 2382 qui
706 2327 821 2369 ante
851 2317 1134 2369 triennium
1164 2315 1217 2369 ὅτ
1249 2329 1353 2369 am-
1372 2329 1518 2371 Memia

47 2398 63 2446 *as
73 2380 214 2452 plius
228 2398 404 2441 coram
423 2391 475 2439 te
499 2395 766 2439 veneratus
786 2384 874 2454 est,
907 2383 1071 2439 exista
1085 2397 1257 2439 autem
1272 2402 1354 2506 ιζ·-
1373 2387 1521 2484 5532:

1324 2470 1354 2505 e
1523 2469 1535 2483 .
