1638 2678
0 2270 9 2302 «ιῆ

0 2308 13 2352 ἒ

421 91 706 148 FABRICII
742 91 1101 147 INGENIVM·
1336 107 1397 156 39

123 246 267 287 xerat
279 236 378 299 jam
391 235 565 287 animo
578 249 797 302 operum
808 230 1195 285 moliendorum
1221 229 1398 282 notio-

123 319 234 369 nes,
246 302 293 356 &
307 304 384 360 vir
396 301 545 354 senex
585 319 649 354 ue
663 299 803 370 plura
819 300 1037 354 etiam&
1048 301 1239 366 majora
1250 313 1396 351 men-

123 383 175 423 te
189 370 425 424 volvebat
437 388 455 428 ‚·
484 382 540 422 ut
578 367 854 439 iDeusipfi
868 367 947 421 vel
962 367 1048 422 lon
1088 361 1398 422 isfimamin·

123 451 200 492 ter
221 436 461 493 mortales
484 440 641 491 vitam
675 436 1013 504 conceffiffet‚
1086 454 1154 490 aec
1187 435 1289 505 ipsa
1320 447 1398 487 ta-

121 524 244 561 men
266 508 392 559 intra
414 508 609 575 ingenii
630 506 900 560 molimina
921 503 1104 559 fuiss'et.
1172 507 1312 557 Hine
1343 501 1397 556 ἀ

119 574 411 628 nostrorum
436 574 839 644 bibliopolarum
862 573 944 628 vel
956 585 1299 645 paupertatem
1312 587 1397 624 ac-

120 642 327 696 cusabat
349 642 434 696 vel
466 655 689 712 metum,
724 644 917 711 quibus
948 645 1054 713 ipse
1086 643 1148 696 ab
1180 640 1395 696 edendis

119 713 175 765 in
209 711 380 764 lucem
413 709 647 781 pluribus
680 711 732 768 &
763 710 1047 778 majoribus
1078 713 1395 765 retineretur.

34 833 42 846 ,
120 783 248 847 Quae
278 779 423 834 causa
456 780 525 833 est
548 823 564 847 ,
600 797 691 833 cur
720 779 784 833 ad
814 783 1019 834 Petrum
1053 797 1151 832 van
1181 778 1270 831 der
1303 782 1398 844 Aa,

118 848 375 901 vastorum
398 848 659 915 ejusmodi
680 861 963 902 conatuum
981 845 1400 903 feliciffimum&

118 917 442 970 inventorem
476 917 526 970 ἃ
557 929 914 987 promotorem
943 917 1273 984 scribat:(m)
1296 974 1298 976 ,
1318 917 1398 965 So-

116 984 187 1036 leo
209 985 328 1053 fiepe
356 986 509 1038 dicere
541 986 611 1037 ad
626 988 819 1044 amicos,
837 985 894 1051 fi
910 985 1273 1054 intelligentium
1292 981 1399 1035 ani-

117 1052 442 1121 mosbrumque
463 1054 856 1121 Bibliopolarum,
927 1070 1101 1106 aarum
1136 1054 1206 1105 Da
1239 1052 1401 1119 Alpha

117 1137 169 1171 es
181 1156 199 1178 ,
232 1122 383 1184 Mufis
406 1122 646 1189 integrum
659 1120 820 1189 praesto
838 1071 944 1190 effqet
970 1122 1283 1189 Alphabetum
1303 1122 1350 1171 T
1344 1120 1399 1172 ui

104 1186 294 1254 fimile,
325 1204 561 1259 quantum
589 1189 731 1242 decus
759 1190 915 1241 literis
945 1189 1212 1247 accederet,
1241 1205 1400 1257 quan-

115 1269 221 1307 tum
251 1260 520 1309 animorum
553 1256 807 1309 adderetur
828 1259 1058 1316 eruditis,
1079 1257 1151 1309 ad
1185 1259 1400 1308 maxima

115 1341 220 1393 quae
254 1342 311 1377 ue
333 1324 387 1387 ες
406 1324 681 1392 difficillima
703 1325 1020 1392 fiaescipienda.
1107 1323 1192 1380 Ad
1224 1321 1398 1394 profe-

115 1409 205 1445 ren
244 1410 272 1446 a
292 1410 417 1446 vero
440 1396 496 1446 in
520 1391 773 1461 medium,
797 1411 907 1461 quae
941 1405 1115 1447 mente
1148 1410 1310 1447 conce
1348 1410 1398 1446 e·
1426 1410 1431 1415 ·

115 1472 219 1518 rat,
240 1460 501 1515 Fabricius
531 1460 801 1528 juvabatur
827 1461 1075 1530 mirifice,
1121 1462 1266 1530 quod
1312 1479 1399 1518 me

115 1531 265 1582 anxia
285 1546 404 1583 cura
429 1529 725 1598 verborum,
737 1547 903 1598 neque
914 1547 982 1595 eo
1001 1533 1178 1584 minus
1197 1530 1398 1602 elegan-

113 1608 208 1654 ter,
234 1614 292 1651 ac
316 1598 487 1668 digne,
516 1598 567 1652 ὅτ
601 1610 788 1652 naturae
817 1617 988 1652 rerum
1011 1603 1396 1661 convenienter,

114 1667 337 1735 cogitata
379 1669 665 1736 exprimere
697 1667 886 1721 valeret
927 1668 979 1722 ὅ(
1007 1663 1112 1723 fine
1144 1685 1290 1723 mora
1337 1672 1397 1724 in

113 1733 341 1788 chartam
362 1737 633 1802 conjicere.
703 1738 824 1810 Qia
844 1748 1018 1790 tamen
1044 1754 1099 1790 re
1119 1736 1255 1790 nihil
1279 1739 1394 1805 ejus

112 1801 315 1923 {udicio
338 1803 389 1856 ὅτ
408 1816 614 1857 maturae
633 1805 961 1859 meditationi
989 1803 1274 1859 den-astum
1296 1824 1392 1860 vo-

136 1887 200 1937 0,
235 1888 345 1938 quae
368 1874 515 1926 omni
547 1870 701 1927 facile
727 1892 795 1928 ex
822 1886 962 1943 parte
992 1873 1044 1927 se
1074 1874 1301 1944 produnt
1335 1877 1395 1930 in

111 1939 226 2006 ejus
245 1939 472 2009 scriptis,
506 1942 786 1996 maximam
807 1955 1001 2012 partem
1031 1944 1088 1995 in
1123 1960 1393 2013 argumen-

110 2018 171 2060 to
192 2009 375 2061 critico
403 2008 562 2076 idque
591 2007 882 2068 felieiffime
913 2010 965 2066 ἀ
995 2028 1120 2067 cum
1147 2015 1393 2068 acerrima

113 2073 225 2132 crifi
247 2076 574 2133 versantibus,

818 2193 866 2247 C
892 2212 927 2262 4
1241 2193 1288 2264 §.
1308 2200 1389 2260 17.'

165 2378 323 2492 (m))(1;
351 2381 605 2480 {nmatione
632 2383 855 2448 Conspeaus
879 2386 1059 2445 affixum·
1081 2387 1246 2433 literarii
1270 2388 1391 2434 Italia
