1638 2678
290 115 360 171 48
424 106 607 160 FABR.
644 107 864 161 RATIO
901 108 1153 160 EDEND.
1184 108 1445 163 LIBROR.

289 242 555 310 incoeptis
587 240 985 311 progrederetur.
1070 240 1300 294 Multum
1341 256 1552 308 quoque

290 309 356 362 ad
375 308 508 361 hanc
529 309 780 362 scribendi
814 312 1062 362 rationem
1094 310 1344 361 momenti
1382 307 1552 360 attulit

289 381 542 430 concitata
570 378 766 446 ingenii
795 376 1023 444 indoleS,
1057 394 1163 444 quae
1197 393 1301 428 non
1331 376 1551 444 patieba-

287 457 373 497 tur
394 457 592 498 tanturn
610 444 933 498 intervallum
954 448 1199 515 temporis
1229 447 1359 497 inter
1389 446 1550 512 prima

289 524 440 580 atque
463 525 687 566 extrema
711 513 960 582 scripturae
980 515 1261 583 interponi,
1298 523 1446 577 atque
1470 515 1550 563 in-

288 593 425 634 terea
454 579 884 651 exspestationem
921 580 1105 662 edendi
1145 582 1315 650 operis
1350 580 1550 631 diutius
1624 641 1627 644 ‚

293 648 442 715 duci,
478 663 564 701 aut
583 647 716 702 forte
735 662 929 703 aetatem
954 651 1200 719 integram
1234 650 1288 700 in
1320 647 1550 700 limando

291 715 344 769 δι
365 715 567 785 prorsus
590 716 902 784 perficiendo
933 734 1086 785 opere
1107 717 1357 769 consumi.
1427 719 1551 767 Non

289 783 556 852 ignorabat
575 785 706 854 ipse,
739 788 916 854 primis
941 785 1191 838 librorum
1214 785 1421 836 suorum
1447 783 1552 835 'edi-

289 852 552 919 tionibus,
585 870 768 906 eorum
800 853 1065 923 praesertim
1091 855 1179 920 qui
1214 852 1277 906 ad
1297 869 1403 904 rem
1437 850 1552 903 lite-

291 921 473 973 rariam
494 917 804 989 referuntur,
838 921 996 985 multa
1027 919 1216 987 deeffe,
1252 919 1338 972 sed
1372 937 1434 972 ne
1466 918 1552 971 vel

290 987 414 1057 ipse,
448 987 530 1041 vel
553 987 728 1056 leetor,
741 991 894 1058 coepti
914 991 1086 1057 operis
1111 990 1194 1058 spe
1219 986 1451 1040 &frudiu
1499 1005 1553 1039 e-

288 1058 427 1108 nitus
464 1055 722 1109 excideret
753 1057 844 1109 diu
874 1056 1139 1123 moliendo
1159 1100 1173 1118 ,
1215 1058 1404 1124 gratius
1462 1071 1553 1106 ore

289 1124 621 1177 arbitrabatur
648 1124 887 1183 eruditis,
918 1123 951 1177 fi
982 1124 1178 1191 aliquid
1212 1122 1381 1177 saltem
1414 1121 1553 1176 lecffu

288 1208 397 1245 non
419 1192 691 1259 indignum
714 1205 800 1245 aut
825 1193 1025 1262 prorsus
1054 1195 1383 1245 immaturum
1396 1191 1554 1251 daret,

283 1259 458 1320 ,donec
509 1261 649 1312 idem
689 1263 871 1313 iterata
909 1259 1200 1313 lustratione
1245 1259 1554 1312 elaboratius
1637 1280 1638 1283 ¹

287 1327 516 1397 prodiret
536 1330 590 1380 in
611 1328 797 1381 lucem.
868 1331 1036 1396 Atque
1054 1328 1159 1380 hoc
1190 1327 1339 1395 padio
1372 1330 1554 1394 utique
1636 1340 1638 1375 ;

289 1398 488 1454 evenit,
525 1407 582 1448 ut
601 1397 702 1463 jam
725 1408 803 1448 tot
827 1407 1032 1463 tamque
1056 1395 1298 1465 praeclaris
1311 1397 1423 1461 ejus
1435 1395 1555 1448 scri⁴
1635 1399 1638 1468 ξ

290 1462 684 1534 ptis'fruamur‚
707 1481 834 1530 vquae
872 1464 1106 1517 secundis
1139 1465 1249 1530 ejus
1287 1466 1554 1530 tertiisque
1634 1472 1637 1504 ἒ

294 1534 431 1585 curis
453 1530 771 1601 adinfignem
788 1529 1155 1600 perfefflonem
1168 1529 1407 1601 perdudia
1422 1531 1554 1598 sunt,
1634 1548 1635 1551 ¹

293 1599 433 1666 aliis,
469 1617 577 1667 quae
598 1618 663 1652 ex
687 1600 963 1653 observatis
997 1599 1146 1670 ipfius
1178 1599 1241 1652 ad
1270 1602 1555 1668 marginem

291 1684 467 1721 earum
490 1685 599 1735 quae
627 1668 848 1736 prostant
870 1668 1178 1735 editionum,
1200 1667 1554 1737 supplemento

292 1734 432 1788 haud
465 1737 659 1804 exiguo
690 1738 861 1805 augeri
892 1735 1118 1806 poffunt3
1163 1754 1282 1787 cum
1316 1733 1416 1788 fine
1448 1735 1555 1788 hoc

296 1800 511 1856 consilio
533 1803 654 1872 ipse,
674 1820 700 1856 a
723 1806 977 1873 plerisque
997 1817 1098 1857 tam
1112 1803 1288 1856 sedulo
1310 1803 1359 1856 ἃ
1384 1805 1552 1855 conti-

296 1883 455 1923 nuato
478 1870 649 1924 labore
673 1871 1026 1934 conficiendis,
1046 1890 1140 1941 prae
1165 1871 1318 1923 taedio
1345 1870 1553 1923 deterri-

295 1951 379 1992 tus
399 1936 582 1991 fuifl‘et.
649 1942 760 1992 Nec
788 1940 893 2008 ipse
920 1953 1089 1994 tamen
1120 1942 1211 1992 Vir
1242 1942 1555 2006 incompara-

293 2007 416 2060 bilis
437 2019 542 2059 tam
566 2007 787 2062 celerem
813 2009 1107 2078 scripturam
1130 2010 1182 2060 in
1218 2009 1362 2060 omni
1399 2024 1555 2075 gene·
1620 2032 1622 2063 i

292 2093 346 2127 re
369 2074 619 2127 librorum
641 2078 866 2128 tentavit.
933 2081 1065 2130 Nam
1087 2093 1218 2142 quos
1238 2074 1400 2127 edidit
1431 2092 1555 2127 cum

295 2143 398 2196 suis
419 2143 932 2209 animadversionibus
954 2143 1183 2198 austores
1209 2155 1430 2204 vetere3‚
1460 2157 1554 2194 eos
1608 2186 1611 2187 γ

294 2209 330 2262 fi
352 2228 457 2264 non
478 2212 702 2280 integros
717 2255 731 2278 ‚
763 2226 898 2265 certe
921 2215 1197 2266 maximam
1219 2223 1410 2280 partem
1441 2227 1554 2278 per-

292 2275 460 2331 senos
489 2278 668 2333 habuit
699 2292 813 2334 ante
857 2298 1008 2348 quain
1049 2278 1367 2348 typographo
1407 2295 1553 2330 com-

292 2348 644 2417 mitterentur,·
667 2365 765 2416 qua
793 2348 858 2403 de
889 2367 945 2404 re
970 2348 1208 2402 testantur
1237 2349 1392 2400 etiam
1422 2358 1554 2423 notae

1228 2430 1233 2435 ·
1443 2430 1553 2479 ejus
