1638 2678
295 116 375 195 '44
467 124 997 179 FABRICH—VITAE
1034 124 1419 178 COMMonA.

309 259 480 316 sertim
504 262 558 311 in
580 256 841 311 Indicibus
875 255 1126 311 librorum
1160 257 1398 325 suorum,
1438 258 1573 312 addo

311 329 364 381 ὅ(
385 342 754 393 nonnunquam
776 337 1005 378 veterum
1023 325 1325 396 scriptorum
1350 326 1401 378 ἃ
1422 325 1571 380 scho-

306 396 563 450 liastarum
594 393 865 448 faciundis,
934 396 1196 452 Coeterum
1240 407 1296 447 ut
1329 393 1432 459 ipse
1467 407 1571 448 erat
1632 440 1634 444 ,

309 463 393 518 vel
414 465 636 516 maxime
669 478 863 531 pronus
896 462 951 514 in
978 462 1212 528 juvandis
1246 462 1569 516 eruditorum

310 530 687 597 voluntatibu8‚
720 533 788 583 ita
808 529 981 582 nec'hi
1014 530 1228 583 viciffim
1254 531 1366 583 suas
1398 530 1567 583 Fabri-

308 603 396 653 cio
431 598 813 653 observationes
848 598 898 651 ἃ
933 597 1176 652 codicum
1208 616 1363 651 manu
1398 616 1569 652 exara-

304 681 480 722 torum
508 666 743 736 exempla
782 678 867 719 aut
912 665 1216 720 collationes
1258 666 1567 735 inviderunt,
1628 731 1629 739 ἵ

303 754 529 804 quorum
550 737 605 788 in
625 734 675 787 se
695 734 1122 800 benevolentiam,
1138 734 1228 787 ubi
1249 753 1327 789 res
1351 735 1453 803 ipsa
1487 748 1567 787 tu-

300 804 388 871 lit,
428 803 692 871 praedicare
722 806 777 855 in
808 803 1003 873 scriptis
1041 803 1144 855 suis
1178 820 1283 856 non
1324 821 1386 855 ne
1425 802 1564 855 lexit.

303 871 765 949 Qemadmodum
786 888 909 923 vero
941 873 1102 924 exteri
1133 872 1360 924 certatim
1412 871 1566 923 auda·
1628 875 1629 879 ’

301 940 425 994 bant
454 940 742 993 Fabricium
775 939 826 991 <Sc
857 938 1232 992 admirabantur
1252 982 1267 1007 ‚
1316 942 1386 992 ita
1427 939 1478 992 ἃ
1509 942 1565 992 in
1621 940 1629 955 ”

299 1008 398 1063 hac
422 1008 547 1061 urbe
567 1008 683 1061 satis
706 1006 858 1060 multi
879 1007 1067 1073 justum
1098 1009 1320 1076 pretium
1351 1007 1564 1060 statuere

300 1078 497 1131 meritis
528 1073 681 1146 ipfius
714 1088 959 1128 noverant
982 1118 998 1141 ,
1044 1075 1095 1128 ἃ
1126 1075 1267 1127 velut
1296 1092 1563 1128 ornamen-

299 1156 537 1201 mentum
563 1143 701 1196 urbis
722 1142 1084 1211 suspiciebant,
1115 1143 1259 1210 quod
1287 1155 1563 1210 utrumque
1637 1191 1638 1214 ζ

302 1216 353 1265 ei
388 1224 445 1264 ut
484 1211 791 1264 alacritatem
824 1211 873 1263 ἃ
904 1211 1075 1263 laetum
1120 1213 1350 1263 animum
1382 1211 1444 1264 ad
1476 1212 1564 1264 sua
1636 1219 1638 1232 ⁴

299 1279 462 1334 studia
485 1279 709 1346 afferret,
742 1296 930 1346 magno
944 1277 1045 1331 fuit
1058 1278 1370 1345 adjumento,
1441 1281 1563 1331 For-

188 1344 190 1346 ’
262 1355 268 1361 “
300 1361 354 1402 te
379 1364 485 1400 non
507 1349 769 1399 immerito
794 1349 946 1398 etiam
970 1346 1033 1399 ad
1055 1346 1562 1412 ejusmodicommo-
1633 1373 1635 1414 i

301 1416 364 1469 da
389 1414 607 1468 retulero
628 1415 786 1483 ipsam
810 1417 1035 1467 muneris
1057 1416 1334 1480 rationem,
1370 1432 1479 1481 quae
1503 1427 1576 1475 ut?
1632 1436 1634 1448 ¹

297 1483 503 1537 invidiae
535 1483 584 1536 ὅτ
615 1483 1036 1536 contentionibus
1071 1481 1384 1551 collegarum
1421 1481 1563 1536 haud
1630 1483 1633 1510 ³

297 1550 451 1606 facile
477 1550 716 1618 relinquit
750 1550 952 1617 locum,
983 1553 1051 1602 ita
1084 1551 1182 1604 suo
1210 1567 1469 1618 quemque
1506 1548 1561 1604 fi·
1629 1579 1631 1589 ι

298 1623 377 1673 nit
405 1622 519 1672 otio
550 1619 771 1672 literario
803 1617 1069 1685 tranquille
1100 1617 1381 1687 indulgere.
1458 1619 1562 1671 Cui
1627 1643 1630 1663 ἡ

299 1688 552 1741 accedunt
577 1686 799 1754 denique
823 1683 957 1738 feriae
980 1685 1231 1755 Gymnafii
1264 1686 1421 1739 nostri
1453 1703 1562 1739 non
1627 1711 1629 1715 >

298 1755 503 1824 prorsus
535 1754 682 1806 nullae
704 1797 718 1821 ‚
766 1771 874 1821 quae
909 1771 1016 1807 non
1045 1753 1206 1806 modo
1227 1756 1474 1807 Mercurii
1509 1754 1560 1807 ἃ
1625 1769 1627 1793 ³

298 1823 541 1876 Sabbathi
562 1821 743 1875 diebus
775 1821 836 1874 ab
867 1825 1011 1874 omni
1044 1821 1248 1890 publica
1279 1821 1562 1892 praeleelio-

298 1909 365 1945 ne
378 1927 399 1952 ,2
440 1889 739 1960 &ipsorum
764 1889 955 1941 horum
988 1889 1186 1943 dierum
1216 1890 1561 1957 postmeridia-

298 1976 371 2012 no
396 1971 629 2027 tempore
651 1975 675 2010 a
704 1959 892 2026 privata
921 1960 1075 2010 etiam
1097 1975 1193 2010 nos
1213 1957 1451 2025 liberant,
1474 1958 1562 2012 sed

297 2029 453 2081 etiam
477 2027 638 2078 sexies
671 2038 756 2077 aut
786 2024 968 2093 septies
993 2043 1080 2095 per
1115 2042 1303 2078 annum
1342 2028 1563 2079 vacatio-

298 2113 420 2148 nem
443 2092 645 2147 ostidui
679 2104 767 2145 aut
795 2092 1090 2159 quindecim
1126 2093 1256 2146 adeo
1298 2092 1500 2147 dierum
1533 2110 1563 2148 a

297 2162 474 2215 labore
496 2161 814 2223 concedunt;
849 2161 991 2226 quod
1014 2161 1178 2231 ipsum
1213 2160 1333 2214 ideo
1361 2161 1563 2221 tinstitu-
1610 2191 1612 2205 ι

296 2241 410 2282 tum
431 2247 457 2283 a
477 2229 764 2293 Majoribus
784 2229 1014 2296 videtur,
1048 2246 1154 2293 quo
1177 2228 1457 2282 identidem
1470 2228 1553 2282 ali-

295 2297 423 2364 quid
447 2298 677 2350 continui
691 2298 935 2363 temporis
950 2295 1314 2352 Profefforibus
1325 2296 1388 2350 ad
1401 2298 1563 2367 priva·
1606 2323 1607 2327 ¹
1635 2359 1638 2364 ¹

293 2376 345 2419 ta
364 2365 527 2437 *studia
558 2363 881 2433 relinquatur.
1384 2432 1425 2501 §
1479 2406 1483 2409 .
1603 2375 1625 2408 A

656 2464 658 2466 v
1427 2473 1438 2484 .
1483 2451 1559 2496 19.
1626 2454 1630 2479 ε
