1638 2678
904 0 922 31 Ἴ

242 105 307 161 134
380 107 390 123 ·
574 91 859 147 FABthn
888 84 1166 148 sTvnlA:

279 231 357 281 nis
387 228 606 298 paffibus
637 230 957 283 antecedunt.
1027 233 1097 284 lta
1129 230 1387 284 Fabricius
1417 248 1515 284 no-

242 247 339 362 {et
370 298 471 363 jam
504 310 617 349 tum
640 315 760 350 cum
791 301 845 350 in
866 297 1048 351 Schola
1079 298 1377 367 versaretur,
1411 302 1515 369 pri-

242 378 364 418 vato
385 364 552 417 studio
574 365 767 420 multos
790 366 949 419 libros
972 365 1121 420 utiles
1143 366 1327 435 legere,
1351 367 1513 420 multa

246 435 395 486 exiis
418 430 506 486 fibi
529 447 766 486 annotare
788 451 846 487 ac
867 437 1199 487 commentari
1221 438 1389 504 coepit.
1423 438 1513 498 Ju-

245 501 386 554 vabit
411 518 532 553 vero
555 519 620 553 ex
642 502 751 571 ipso
772 501 973 569 audire,
1009 516 1066 554 ut
1089 502 1317 571 legendis
1341 506 1514 572 praeci-

244 587 346 640 pue
373 570 559 620 Barthii
570 570 878 636 Adversbriis,
892 571 942 622 Gt
967 572 1241 637 Po(yhtstore
1264 571 1513 638 Morhofii,

245 637 309 690 ad
331 639 519 702 majora
541 637 769 690 audenda
783 641 1012 690 animum
1034 639 1337 692 inflammari
1357 639 1513 692 sense-

244 706 322 758 rit.
354 708 461 770 (u)
497 707 612 755 Cum
633 724 774 763 anno,
811 708 995 772 inquit,
1037 718 1176 769 1685.
1198 710 1397 774 Lyceum
1405 708 1514 773 fre-

243 788 524 842 quentarem
561 774 1000 840 Qedlimburgenst’
1020 810 1038 832 ,
1090 774 1355 825 moderator
1394 776 1513 825 initos

244 841 552 892 dexterrimus
586 842 777 892 Samuel
792 842 1058 893 Schmidt'us
1103 844 1153 891 in
1199 842 1355 908 Museo
1381 842 1471 907 suo
1493 877 1512 899 ,

246 908 436 961 Barthii
449 909 585 975 forte
602 910 892 973 Adversaria
914 910 1192 978 inspicienda
1215 910 1332 960 mihi
1351 911 1514 967 dabat,

246 993 351 1046 quae
373 976 538 1026 deinde
561 979 741 1042 petenti
762 977 878 1028 mihi
909 995 1014 1028 cum
1037 977 1212 1028 utenda
1244 977 1313 1028 ad
1339 992 1516 1043 tempus

246 1040 524 1111 concffffi’t‚
548 1047 743 1095 miratus
764 1063 844 1111 ego
866 1046 916 1095 in
935 1045 1093 1095 iisdem
1115 1046 1408 1095 vehementer
1428 1064 1517 1095 va-

247 1114 374 1163 rium
396 1113 526 1162 illum
547 1109 598 1172 εί
617 1111 714 1163 late
729 1126 968 1178 patentem
985 1113 1212 1163 ambitum
1227 1114 1515 1170 eruditionis,

246 1180 329 1233 illa
355 1180 581 1229 memoriae
609 1184 754 1231 omnis
780 1198 960 1231 amoena
991 1180 1279 1247 latifundia,
1314 1181 1519 1231 illos·re-

250 1245 542 1312 ce'ffiossbcrae
561 1245 614 1308 εἴ
633 1262 835 1297 externae
854 1250 1156 1316 antiquitatis
1168 1284 1185 1302 ,
1214 1249 1346 1298 illum
1364 1249 1518 1299 orbem

235 1314 582 1384 stientt'arum,
613 1316 1043 1382 illamstriptorum
1060 1332 1316 1382 graecorum
1345 1316 1521 1366 latino-

251 1400 453 1451 rumque
484 1396 695 1433 veterum
742 1382 794 1444 εἰ
823 1382 961 1434 medii
1001 1384 1090 1434 aevi
1128 1383 1478 1434 multitudinem
1499 1419 1520 1440 ,

241 1453 576 1522 principesque
598 1452 890 1516 ingeniorum
911 1454 1103 1502 recentis
1125 1453 1379 1508 memoriae,
1414 1469 1522 1502 eru-

252 1519 468 1587 ditosque
487 1519 691 1569 omnium
712 1524 973 1575 nationum,
990 1519 1076 1587 qui
1094 1518 1145 1569 in
1168 1519 1242 1569 illo
1263 1533 1394 1585 opere
1405 1532 1523 1586 pas-

222 1591 225 1595 '
241 1588 336 1652 fim
357 1586 619 1637 laudantur
642 1587 1015 1637 innumerabiles.
1086 1586 1159 1638 Ab
1192 1586 1326 1647 isthoc
1354 1600 1526 1653 tempo·

254 1672 336 1710 re,
358 1654 541 1721 fateor,
573 1652 756 1721 perfuso
777 1655 893 1705 mihi
911 1671 1071 1705 rerum
1093 1652 1525 1720 pulcherrimarum

255 1723 365 1774 licet
385 1722 471 1772 vix
491 1722 665 1772 emimu
686 1722 739 1784 εἴ
753 1736 842 1789 per
860 1723 1163 1788 transennam
1179 1722 1526 1789 prospecflarum

257 1790 500 1855 voluptate
530 1806 586 1841 ac
614 1790 861 1851 deficleriO,
903 1790 999 1840 alte
1030 1791 1081 1839 in
1102 1790 1258 1839 animo
1282 1807 1379 1839 meo
1401 1788 1527 1852 haest't

247 1859 552 1928 propositum,
590 1858 791 1907 omnihus
813 1858 895 1908 hoc
916 1857 1120 1924 precibus
1140 1875 1171 1906 a
1197 1858 1297 1907 Deo
1319 1856 1528 1923 expofie-

258 1943 331 1991 re,
352 1942 408 1975 ac
427 1938 659 1992 quantum
670 1922 839 1993 postem
860 1925 975 1976 dare
995 1939 1197 1990 operam,
1221 1938 1277 1975 ut
1297 1925 1348 1975 in
1371 1926 1530 1976 virtu·

261 1997 320 2047 tic
338 1991 696 2058 instrumentum
722 2010 780 2046 ac
805 1993 911 2045 vitae
937 1993 1081 2045 etiam
1103 1993 1220 2044 mihi
1237 1992 1434 2045 daretur
1453 2011 1529 2044 oc-

1237 2086 1262 2107 ·
1410 2060 1528 2126 cofio
1601 2061 1605 2066 “
1624 2034 1625 2038 ¹

263 2235 328 2299 (ιι)
350 2250 414 2288 >Est
435 2248 542 2289 locus
562 2261 609 2288 ex
660 2246 860 2287 raefatione
880 2243 927 2285 ad
961 2253 1152 2284 recentem
1182 2255 1344 2297 eamque
1376 2243 1534 2282 tertiam

342 2304 556 2344 editionem
577 2307 630 2343 1³0
648 2302 827 2351 yhistoris
849 2300 1039 2340 Morhofii
1058 2299 1351 2351 Lubecaes1732.
1371 2311 1411 2353 4.
1449 2310 1533 2351 quae

348 2361 440 2413 quia
471 2361 510 2399 in
540 2361 770 2414 pauciorum
798 2357 904 2397 forte
944 2357 1120 2394 manibus
1157 2352 1332 2394 versatur
1352 2381 1365 2400 ,
1401 2350 1534 2392 locum

283 2440 289 2449 ι
346 2415 541 2467 integrum
562 2414 674 2463 dedi,
710 2413 760 2454 ab
782 2412 896 2452 initio
916 2411 1042 2451 statim
1063 2408 1167 2450 illius
1189 2407 1297 2464 praef.
1316 2409 1493 2448 obvium.
