1638 2678
555 147 874 205 KOHLWS.
1255 165 1280 198 2
1290 157 1316 208 8
1331 166 1348 202 ι

67 286 239 341 solum
261 286 475 342 barbaro
499 285 800 351 recentiori,
836 281 922 337 sed
956 282 1006 337 ἀ
1035 285 1249 351 antiquo
1280 285 1352 340 est

69 354 311 410 versatus.
382 356 551 408 Multa
566 351 654 406 hic
676 350 958 422 (iugulatio,
975 351 1203 409 Moscuae
1226 371 1351 408 cum

27 447 30 468 ι
70 424 296 495 degeret,
329 441 394 478 ex
409 422 765 491 manuscriptis
778 419 1052 475 codicibus
1065 420 1352 475 Bibliothe-

29 536 31 550 <
72 511 140 546 cae
156 492 353 547 ibidem
368 492 540 546 adhuc
552 488 814 558 asservata,
838 489 944 543 huc
958 502 1130 544 autem
1142 488 1350 545 fortass‘e

68 559 454 625 transferendae,
491 556 753 628 excerpsit,
790 557 996 628 publica
1033 558 1148 613 luce
1179 561 1349 614 omni·

66 647 141 689 no
176 630 346 700 digna.
429 629 666 684 Pervenit
699 644 862 698 nuper
894 626 957 681 ad
990 644 1173 682 manus
1207 646 1350 684 meas

70 699 316 766 catalogus
337 698 566 751 librorum
589 698 693 750 MS.
715 694 1073 764 Mofiuenfium,
1102 698 1228 749 alius
1244 698 1351 764 pla-

0 803 6 812 .
68 785 128 819 ne
147 768 207 819 ab
227 768 303 819 iao
324 784 465 835 quem
486 766 689 819 Schiada
725 764 884 823 dedit,
920 767 1010 833 qui
1045 768 1351 821 innumeros

66 838 223 890 etiam
245 834 546 890 Slavonicos
569 833 728 888 libros
795 835 849 889 in
870 833 954 888 his
972 835 1350 902 antiquiffimos

65 902 444 974 compleffitur.
514 902 661 1027 di
675 876 870 968 iudicas
884 902 1231 958 Celeberrime
1241 906 1350 971 Vir,

68 971 134 1027 de
165 971 404 1043 impress'o
438 971 535 1026 illo
622 969 870 1041 atalogo?
914 989 1143 1043 quaenam
1166 989 1351 1026 manu-

66 1042 248 1111 scripta
272 1060 368 1112 prae
399 1040 513 1095 aliis
537 1057 641 1096 rara
667 1039 763 1094 esse
789 1039 996 1095 censes?
1027 1041 1079 1095 ἀ
1100 1042 1351 1109 quorsum

67 1111 238 1177 quaeib
283 1108 580 1164 referendos
625 1120 774 1180 putas
810 1108 1079 1176 sequentes
1121 1110 1353 1178 codices,

0 1223 2 1226 ,
37 1243 39 1249 ι
66 1194 203 1246 quos
229 1178 351 1236 alibi
383 1175 654 1232 recenfitos
678 1195 773 1231 nec
806 1179 861 1231 in
883 1177 1207 1233 Bibliotheca
1229 1182 1355 1233 Tua

36 1259 39 1271 ·
66 1245 221 1301 laude
254 1246 647 1306 cumulatiffima
692 1248 904 1300 inveni:
961 1246 1069 1300 scil.
1103 1246 1354 1314 Epistolam

67 1316 363 1370 Patriarchae
387 1316 566 1372 Thomae
584 1317 638 1368 in
663 1313 867 1369 haerefin
885 1319 1354 1383 Armenorum'‚co-

68 1382 242 1437 dicem
281 1383 509 1437 Theodori
551 1382 813 1451 Philosophi
830 1392 863 1440 ,'
899 1386 1114 1451 Gregorii
1155 1386 1353 1438 Nicaeni.

4 1475 5 1479 ¹
66 1470 94 1506 e
133 1451 267 1506 istol.
301 1453 538 1506 Demetrii
572 1452 721 1505 Graeci
741 1487 760 1510 ,
796 1451 1047 1519 Pausania·
1075 1453 1354 1521 Elpatoren-

54 1469 131 1588 fils,
158 1519 336 1575 alium.
424 1520 623 1575 Patricii
655 1519 834 1587 Scythae
868 1520 1110 1575 codicem
1149 1521 1355 1576 Slavon.

27 350 29 379 l

65 1590 281 1643 Macarii
302 1587 667 1643 Hieromonachi
687 1588 952 1659 scriptum,
966 1590 1190 1643 Matthaei
1215 1608 1353 1660 regu-

4 1688 6 1702 ι
66 1657 159 1715 lae,
184 1658 399 1725 Gregorii
422 1658 614 1709 Sinaitae
636 1656 799 1711 libros
821 1660 978 1711 Graec.
1051 1658 1243 1725 Genefin
1277 1660 1353 1711 di-

67 1727 313 1791 verfhrum
342 1727 674 1793 interpretum,
710 1726 926 1794 Gregorii
954 1729 1002 1779 T
988 1727 1355 1794 auromenienfis

69 1793 239 1865 script.
310 1794 464 1847 Biblia
486 1795 755 1861 Exegetica,
779 1813 811 1846 a
831 1796 1116 1862 migratione
1135 1795 1356 1859 Abramil

8 1876 9 1879 ’
68 1863 133 1917 ad
164 1863 433 1930 captivitat.
482 1862 705 1929 Babylon.
794 1865 1042 1915 Ammonis
1088 1863 1353 1933 Philosophi

8 1939 10 1941 ’
65 1931 314 2000 scriptum
344 1933 594 1984 Graecum.
664 1929 918 1996 Athanasii
942 1934 1012 1984 M.
1049 1947 1214 1985 contra
1237 1933 1355 1986 Hel-

45 2021 52 2055 ι
66 1999 216 2056 lenes,
221 1999 408 2067 Jofiphi
434 1997 656 2050 Monachi
674 1998 865 2054 li,b.MS.
880 1999 1053 2054 Credo
1065 2000 1261 2059 multos
1276 2019 1356 2056 er-

66 2084 210 2129 rores
231 2069 284 2120 iu
306 2066 449 2122 hunc
461 2070 570 2120 MS.
585 2066 880 2136 catalogum
901 2067 1141 2138 irrepfifl'e
1155 2087 1276 2123 cum
1287 2088 1355 2123 ex

66 2136 356 2190 Ruthenica
403 2135 579 2204 lingua
625 2137 681 2188 in
717 2137 926 2189 latinam
973 2137 1245 2192 translatus
1280 2136 1356 2193 fit.

48 2196 308 2269 {Versatur
328 2203 417 2259 hic
438 2203 673 2257 eruditus
695 2203 906 2271 quidam
929 2205 1227 2274 Ruthenus‚
1262 2210 1356 2275 qui

49 2274 128 2333 'nin
152 2289 218 2327 eo
240 2273 545 2340 jamdudum
568 2269 671 2325 fuit
705 2285 763 2326 ut
789 2273 924 2327 Clar.
950 2274 1131 2326 Buddei
1152 2276 1354 2328 Lexicon

12 2362 14 2410 ᾗ
49 2359 99 2455 ιε
133 2342 356 2393 German.
389 2343 613 2395 idiomate
640 2342 692 2392 in
720 2341 1035 2396 Ruthenicum
1064 2340 1353 2410 transferat,

0 2455 3 2459 s
52 2462 53 2468 ,
77 2411 440 2466 Germanicam
483 2410 678 2480 quippe
722 2409 954 2480 linguam
985 2422 1140 2466 tenet.
1206 2411 1361 2467 Alius

675 2481 709 2532 S
747 2498 772 2546 ς
1246 2482 1351 2536 Ru-
