1638 2678
443 113 977 231 ΡκΑΕΡᾼΤιοΝΕε.
1247 157 1343 204 203

59 287 61 349 Α
125 281 393 335 vlrdischen
419 281 725 349 Vergniigen
746 280 799 331 in
811 278 968 331 GOtt.
993 277 1181 332 Hamb.
1202 297 1345 344 1735.

57 395 60 447 ξ
135 346 436 429 8·.·Praefati·o
456 347 688 468 οἳηςὶηεῑ
708 345 886 400 laudes
909 345 1344 400 Philomelaeava-

0 428 13 461 λ
57 449 59 468 1
703 452 716 465 .

0 479 13 530 ἱ·
57 428 821 553 ’ςεςηῗὶεςὶδῗῗὲῗῗὸξῧῐῖῗεβὲνὲ
842 481 1325 553 Lithotheologiam

0 569 12 592 ¹·
130 554 421 634 germanice
450 551 685 620 scriptam
724 551 912 605 Hamb.
939 569 1081 616 173<-
1118 564 1161 612 8.
1200 524 1347 605 Praess,

128 620 421 675 institutum
455 618 814 687 commendat,
871 619 1344 691 Aerotheologiam

67 707 76 715 ·
135 691 408 757 promittit.
434 688 653 742 Librum
683 706 806 742 cum
827 692 963 759 typis
976 689 1345 742 exscriberetur

0 778 11 802 i
81 762 85 772 ²
130 757 393 812 Fabricius
418 758 523 826 ipse
548 774 702 810 manu
722 758 806 810 sua
831 759 1070 811 correxit.

1 853 10 864 ·
60 826 124 891 *)
154 827 273 880 Sine
295 823 592 881 Praefati0ne
612 825 699 879 sua
721 825 898 880 recudi
920 827 1122 894 juvenis
1145 826 1343 879 curavit

134 893 310 947 Ludov.
345 895 547 966 Cappelli
580 894 862 948 Historiam
893 894 1244 966 Apostolicarn
1278 894 1342 947 il-

133 961 405 1016 lustratam.
430 962 566 1033 Lips.
585 974 726 1024 1691.
743 973 788 1023 8.

66 1032 153 1096 **)
194 1029 407 1098 Reliqua
433 1048 542 1099 quae
565 1033 619 1083 B.
646 1031 907 1084 Fabricius
930 1030 1128 1100 scriptis
1139 1030 1243 1084 suis
1264 1032 1343 1082 in·

63 1128 65 1130 ·
131 1099 306 1167 seruit,
330 1116 453 1151 cum
474 1116 539 1151 ex
562 1098 730 1152 Codd.
753 1103 893 1152 MSS.
919 1099 1083 1167 edita,
1115 1111 1227 1152 tum
1253 1098 1341 1152 sua

135 1184 291 1237 opera
323 1167 521 1236 recusa,
551 1169 782 1222 inveniet
802 1171 855 1221 B.
879 1171 939 1222 L.
960 1170 1016 1222 in
1038 1167 1212 1222 Indice
1238 1166 1342 1221 hu-

136 1238 218 1303 jus
242 1237 632 1290 Commentarii.

140 1373 267 1426 VIII.
281 1372 413 1424 Libri
434 1373 570 1426 MSS.
586 1374 669 1425 vel
679 1372 822 1441 praelo
838 1385 985 1442 prope
1001 1373 1185 1442 parati,
1198 1372 1280 1424 vel

303 1442 463 1510 coepti,
487 1441 748 1514 effi-Hique.
856 1494 857 1498 ,

0 1694 2 1700 .
144 1651 196 1712 1)
234 1650 289 1701 In
312 1650 511 1703 Dionem
542 1647 740 1712 Cafflum
769 1664 912 1707 notae,
948 1649 1082 1717 iusto
1101 1648 1344 1703 Volumi-

0 1749 4 1759 ·
70 1734 135 1770 ne
169 1719 224 1770 in
259 1715 428 1784 folio,
465 1717 703 1771 absolutae
736 1719 838 1785 jam
867 1717 916 1771 d.
952 1736 998 1782 7.
1030 1721 1163 1789 Sept.
1201 1728 1345 1783 1726.

0 1817 4 1830 ·
66 1785 274 1839 Scilicet
295 1804 426 1840 nova
448 1786 500 1841 Gt
523 1785 711 1840 melior
731 1786 896 1840 editio
917 1788 1106 1840 Dionis
1129 1789 1232 1854 jam
1251 1787 1346 1839 diu

0 1886 2 1898 ·
69 1852 458 1912 desiderabatur,
471 1858 525 1908 in
538 1872 635 1923 qua
657 1852 1124 1926 fragmentapaffim
1149 1868 1345 1924 reperta

61 1922 306 1991 'editaque
329 1923 508 1977 locum
532 1923 951 1978 nanciscerentur.
973 1924 1076 1976 vid.
1100 1924 1229 1977 Hist.
1251 1923 1343 1976 des

0 2017 1 2038 ι
68 1991 337 2062 Ouvrages
362 1991 452 2046 des
473 1996 658 2046 Savans
687 1994 1344 2063 1692.p.538.promiserat-

12 2102 13 2105 η
65 2076 170 2126 que
190 2059 331 2114 illam
354 2073 527 2131 praeter
538 2064 900 2131 Huguetanos‚
913 2063 1028 2114 Nic.
1045 2062 1342 2114 Carminius

13 2163 16 2173 ·
65 2127 249 2196 Falco,
284 2130 577 2196 Presbyter,
609 2130 655 2182 is
679 2131 769 2198 qui
792 2143 893 2183 tres
928 2129 1143 2183 ultimos
1180 2127 1344 2182 libros

13 2216 15 2241 1
65 2197 259 2251 Dionis
278 2215 346 2251 ex
368 2202 475 2251 MS.
500 2197 700 2252 Codice
721 2199 972 2253 Vaticano
1001 2198 1147 2251 dedit
1171 2200 1346 2249 Romae

14 2334 15 2337 Ἴ
72 2276 217 2332 1724.
241 2285 287 2333 4·
314 2266 365 2319 ἃ
389 2268 442 2318 in
467 2264 789 2335 praefatione,
820 2285 885 2320 ex
915 2267 1113 2336 duplici
1146 2265 1347 2318 Codice

12 2367 15 2374 =
45 2333 320 2388 ‘vaticano
339 2334 663 2403 totidemque
677 2335 951 2405 Mediceis,
966 2337 1194 2391 Dionem
1214 2337 1347 2387 inte-

69 2404 298 2472 griorem
323 2402 374 2458 se
395 2403 644 2460 daturum
672 2406 888 2474 recepit.⁴
954 2405 1057 2458 Cui
1085 2402 1217 2458 adde
1239 2403 1349 2481 Sci-

1237 2487 1353 2542 plo·
