1638 2678
608 130 831 194 PAVW.
1260 151 1355 200 3¹9

85 226 1121 247 „...........................-.................

117 269 206 323 uid
229 267 478 323 hocloco
499 284 587 339 per
607 265 812 347 Ellipsm
844 268 940 319 erit
971 262 1356 334 subintelligen-

78 286 238 391 dum?
274 353 405 407 rogo
429 354 614 391 vocem
645 335 779 389 mihi
812 331 1065 404 defignw,
1097 349 1217 388 nam
1249 347 1356 386 ma-

79 405 131 459 le
152 405 376 475 peream!
409 404 442 460 fi
465 409 740 474 quicquam
763 404 815 456 in
840 403 1086 473 praesenti
1106 400 1238 455 mihi
1263 417 1355 455 oc-

81 487 276 540 currat,
309 474 454 541 quod
484 472 822 527 accommode
852 477 917 545 τῷ
941 468 1188 542 Sagarim,
1236 478 1356 523 utut

79 542 172 597 fim
195 555 444 609 attentus,
467 541 675 611 adjungi
700 540 873 609 potest.
945 541 1186 608 Cogitavi
1207 539 1356 606 equi-

81 610 202 664 dem
225 610 291 664 de
315 627 445 664 voce
467 606 641 681 μερίδα,
677 626 807 676 quae
827 608 897 661 est
950 611 1117 662 eneris
1129 607 1367 661 deterio-·

76 683 181 745 τίς,
213 678 305 732 sed
332 695 436 733 non
468 675 736 745 satisfacit,
774 677 863 730 ubi
898 679 913 729 i
985 678 1214 731 nominis
1250 674 1357 729 alio

79 747 309 802 trahatur
326 764 353 801 a
378 748 580 817 linguae
603 747 819 800 Graecae
841 747 1033 815 peritis,
1054 744 1245 813 quibus
1259 746 1360 797 hac

81 818 137 869 in
161 815 452 887 partefides
473 816 543 868 est
566 814 815 868 habenda.
886 816 1119 884 Suppetit
1144 828 1360 881 quoque

82 885 140 940 τὸ
159 889 302 955 μέρος,
316 885 402 938 sed
424 896 480 938 ut
503 883 647 937 vides
670 882 724 936 id
748 899 931 953 genere
954 881 1157 936 diffidet
1179 881 1241 935 ab
1255 880 1359 934 hoc

82 954 258 1008 nostro
288 949 507 1024 ὃεξιτέςην
525 993 540 1015 ‚
590 950 822 1019 adeoque
850 963 977 1006 tunc
1010 949 1358 1005 nihilominus

81 1023 322 1102 proxime
343 1021 406 1075 ad
426 1020 839 1075 emendationem
862 1019 1082 1079 nostram
1092 1036 1199 1073 vox
1220 1016 1360 1073 foret

82 1089 471 1160 interpretanda.
542 1085 899 1166 Qamobrem
922 1105 988 1143 co
1025 1090 1139 1156 ites‚
1157 1099 1211 1141 et
1230 1104 1362 1140 ocu-

37 1197 38 1204 *
84 1157 258 1212 lorum
283 1160 450 1212 aciem
473 1161 638 1212 acrius
661 1174 816 1226 quam
846 1156 979 1211 mihi
1034 1160 1164 1211 icuit
1193 1158 1361 1213 inten-

86 1226 204 1293 daS‚
246 1224 282 1280 fi
316 1223 450 1281 forte
484 1228 696 1296 propius
742 1225 868 1294 quid
900 1228 1131 1280 invenire
1159 1223 1362 1291 valeas;

125 1312 379 1364 nanquam
404 1294 494 1348 ubi
514 1293 581 1348 fin
621 1293 702 1348 ula
723 1294 877 1365 paulo
898 1294 1201 1366 diligentius
1231 1310 1363 1354 con·

83 1313 276 1432 fldem,
311 1362 446 1417 ambi
485 1381 520 1416 o
541 1381 600 1415 ve
644 1375 896 1420 ementer,
936 1381 998 1417 an
1020 1363 1109 1417 iste
1142 1364 1196 1417 in
1225 1376 1362 1430 quae‘-

0 1482 2 1491 ,
40 1436 41 1502 J
85 1430 248 1486 tendo
271 1433 418 1486 succe
462 1449 520 1486 us
544 1431 819 1502 suspicioni
840 1444 934 1484 tuae
958 1428 1163 1486 futurus
1195 1428 1254 1486 fit
1284 1429 1363 1484 sa-

0 1543 3 1560 .
42 1563 43 1567 Ἰ
85 1502 154 1554 tis
171 1497 381 1554 faustus,
451 1504 585 1554 Nam
615 1499 759 1569 quod
791 1513 931 1553 extra
963 1516 1177 1555 omnem
1207 1499 1363 1553 dubi-

0 1595 4 1626 e
42 1606 43 1639 ;
86 1570 298 1623 tationis
318 1569 477 1622 aleam
500 1568 631 1623 mihi
652 1568 853 1624 videtur
869 1566 1111 1639 pofitum,
1146 1569 1233 1622 ista
1248 1572 1364 1622 Ma-

42 1643 43 1670 ³
88 1636 334 1691 nethonis
381 1637 557 1705 verba,
597 1636 661 1692 ad
702 1637 963 1691 dexteram
1000 1655 1138 1709 genu
1167 1649 1365 1708 partem

0 1735 17 1754 .*
90 1703 274 1774 refer8‚
310 1706 384 1759 mi
415 1706 638 1774 Fabrici,
670 1705 720 1759 δι
752 1706 1037 1760 secundum
1068 1708 1368 1774 interpreta-

87 1777 286 1828 tionem
307 1787 448 1828 tuam
468 1776 688 1828 omnino
719 1772 904 1829 referre
931 1773 1103 1829 debes.
1169 1778 1367 1828 Verum

0 1864 17 1895 ω
88 1845 230 1896 enim
250 1860 399 1912 vero,
433 1843 735 1897 audivistine
756 1859 1008 1912 unquam,
1042 1859 1255 1898 manum
1280 1841 1366 1895 vel

0 1942 10 1980 ι,
87 1911 276 1982 pedem
307 1911 545 1965 dextrum
577 1911 659 1965 vel
688 1909 970 1980 finistru'm,
1013 1924 1187 1982 prater
1218 1911 1366 1966 istam

0 1997 10 2038 t
90 1979 393 2034 divifionem
415 1981 499 2033 seu
523 1979 1017 2047 denominationem,
1037 1982 1226 2034 iterum
1237 1976 1367 2033 fuis-

0 2070 19 2108 ι,
90 2047 143 2102 se
183 2047 499 2102 subdivisum
536 2051 591 2102 in
627 2061 819 2119 partem
861 2047 1093 2102 dextram
1126 2047 1210 2102 vel
1245 2045 1366 2102 fini-

0 2141 14 2176 n
71 2115 270 2170 stram?
313 2121 440 2171 Sane
482 2133 638 2184 quam
677 2134 781 2186 ego
825 2114 984 2171 fimile
1018 2117 1191 2185 quidi
1231 2131 1369 2170 noro

0 2208 19 2246 ιο
93 2183 254 2255 plane.
325 2186 532 2251 Adhaec‚
565 2184 659 2239 fint
691 2184 952 2254 ejusmodi
984 2184 1177 2253 loquen
1218 2181 1370 2238 ison·

0 2271 19 2315 ,ε
95 2251 242 2307 mulae
262 2271 367 2307 non
386 2256 592 2324 penitus
612 2256 826 2324 ignotae,
860 2252 917 2308 fit
950 2253 1039 2309 ista
1069 2251 1368 2322 subdivism,

94 2334 153 2374 ut
174 2339 310 2376 nunc
332 2325 401 2375 ita
420 2322 628 2391 loquar,
663 2323 822 2393 proba
844 2324 960 2376 satis
986 2322 1036 2376 Gt
1064 2335 1203 2393 apta,
1237 2338 1371 2375 num

92 2389 199 2446 ulla
219 2393 416 2447 ratione
438 2390 686 2463 credibile
704 2392 802 2463 est,
833 2391 1209 2466 Manethqnem
1219 2387 1374 2450 fuiffe
