1638 2678
74 296 196 337 tiones

73 367 174 392 acce-

74 410 218 452 dentes.

268 139 649 206 341=A13R1c11
683 141 1092 197 DILIGENTIA
1128 145 1441 200 MVNERIS.

261 293 377 330 rum
409 277 541 331 mihi
567 278 714 331 testes
734 279 891 346 hujus
923 282 997 332 rei
1026 297 1114 349 per
1160 297 1372 333 omnem
1404 284 1528 334 Ger-

259 347 482 398 maniam
548 347 900 415 reliquamque
966 351 1223 418 Europam
1282 349 1529 419 superesse

259 430 414 480 quam
435 413 686 482 plurimos
711 432 818 468 non
843 414 1055 482 dubim,
1090 416 1176 469 sed
1208 416 1257 468 ἃ
1289 418 1527 482 juventu-

256 485 298 533 ti
319 480 650 534 humanitatis
680 482 936 550 studiosae,
977 500 1129 550 quam
1159 485 1331 550 juvare
1363 483 1526 539 confi-

254 548 341 602 liis
374 548 620 617 librisque
649 550 1027 620 Iuppeditandis
1047 593 1062 618 ‚
1107 551 1154 603 ἃ
1193 552 1526 606 emendandis

254 618 711 671 exercitationibus
743 622 896 671 etiam
930 636 1036 671 non
1070 619 1341 687 injundiiS,
1384 620 1526 674 haud

254 687 449 738 invitus
496 684 703 739 solebat.
775 690 970 740 Literas
1013 703 1138 740 vero
1170 700 1227 740 ut
1266 691 1524 757 aegerrime

251 753 504 807 scribebat
522 771 631 821 eaS‚
661 771 770 821 qua:
801 754 934 808 nihil
964 767 1137 824 praeter
1162 757 1364 808 inanem
1399 759 1524 808 ami-

250 823 382 874 citiae
404 820 825 891 significationem
838 825 1159 876 continerent
1171 866 1186 890 ,
1219 825 1287 876 ita
1300 823 1523 891 permul-

247 901 329 942 tas
351 887 539 959 scripfit
556 889 831 956 ejusmodi,
867 891 1058 957 quibus
1080 890 1141 942 ad
1161 890 1438 960 propofitas
1460 890 1522 946 fi-

248 956 306 1010 bi
327 973 354 1009 a
372 959 507 1009 Viris
527 955 707 1010 doffis
730 958 1045 1025 quaestione8‚
1068 975 1173 1011 non
1204 962 1375 1012 minus
1405 978 1521 1012 eru-

247 1023 371 1091 dite,
383 1024 469 1078 sed
489 1041 554 1077 eo
566 1027 749 1091 majori
759 1028 1006 1096 temporis
1019 1025 1304 1094 dispendio,
1317 1027 1522 1096 respon-

249 1091 404 1146 deret.
472 1096 651 1146 Praeter
661 1094 784 1160 hate,
799 1092 989 1163 fingula
1008 1091 1132 1146 folia
1154 1092 1402 1147 librorum
1419 1112 1444 1147 a
1466 1095 1521 1148 se

247 1159 550 1228 editorum,
611 1172 668 1213 ut
701 1161 876 1240 'praelo
925 1164 1189 1230 exierant,
1237 1160 1317 1215 bis
1363 1179 1520 1216 manu
1608 1190 1624 1260 Δ,

247 1227 336 1281 sua
377 1229 482 1296 ipse
507 1242 738 1282 correxit
762 1271 777 1294 ,
822 1229 980 1297 idque
1013 1230 1180 1299 ipsum
1211 1228 1336 1299 saepe
1372 1247 1521 1299 roga-

246 1307 333 1348 tus
358 1297 414 1348 in
436 1295 580 1348 libris
607 1297 908 1364 aliorum‚&
931 1297 1141 1350 suorum
1167 1296 1420 1358 librorum
1440 1316 1520 1351 re-

245 1366 420 1432 petitis
473 1363 821 1431 editionibus,
857 1364 1077 1433 praestare
1113 1381 1220 1416 non
1253 1366 1516 1419 recusavit.

243 1435 653 1502 Super-venerunt
685 1432 768 1485 his
802 1432 1232 1502 occupationibus
1266 1432 1328 1486 ab
1359 1436 1516 1486 Anno

246 1511 393 1565 1708.
434 1517 524 1568 per
556 1499 950 1567 quadriennium
983 1499 1182 1553 labores
1212 1499 1512 1563 scholastici,

243 1585 369 1621 cum
398 1566 590 1622 scilicet
609 1568 803 1622 Scholae
834 1566 982 1621 fimul
1030 1565 1301 1635 Gymnafio
1336 1571 1514 1622 vicinat

241 1635 515 1689 Rediuram
537 1634 833 1705 suscepisset.
905 1639 1214 1712 Qanquam
1227 1638 1364 1689 enim
1386 1654 1511 1705 ope-

240 1720 307 1756 rae
339 1703 414 1756 hae
443 1703 743 1756 scholastica:
775 1721 992 1764 numero
1023 1702 1117 1755 illo
1151 1703 1331 1756 decem
1363 1704 1513 1756 hora-

241 1787 360 1823 rum
381 1783 494 1824 ante
517 1770 660 1825 dicio
684 1789 801 1825 com
841 1770 1206 1839 rehendantur‚
1240 1783 1409 1824 tamen
1432 1772 1512 1824 di-

241 1837 472 1892 verfitate
493 1839 777 1892 studiorum
873 1839 1167 1892 auditorum
1190 1841 1391 1892 animus
1425 1857 1511 1893 ne-

240 1905 449 1960 ceffario
482 1907 862 1961 distrahebatur.
941 1905 1064 1974 Styli
1095 1919 1230 1960 certe
1263 1909 1509 1960 exercita-

238 1976 437 2043 tione8‚
466 1976 521 2028 in
541 1975 730 2042 quibus
767 1988 977 2043 utraque
1007 1987 1121 2027 aetas
1152 1974 1204 2027 ἃ
1242 1974 1433 2027 Scholae
1457 1975 1510 2028 Gt

241 2041 514 2111 Gymnafio
534 2043 697 2097 dicata
709 2043 791 2096 vel
813 2046 1037 2096 maxime
1059 2041 1316 2095 elaborare
1338 2042 1508 2109 debet,

238 2127 349 2164 non
378 2113 627 2180 exiguum
655 2124 857 2179 tempus
893 2111 1041 2163 domi
1083 2110 1421 2178 expurgandis
1455 2111 1509 2164 Gt

235 2178 496 2247 poliendis
528 2179 799 2232 elaboratis
828 2177 1168 2246 requirebant.
1246 2181 1357 2231 Nec
1386 2195 1508 2247 pau·
1588 2225 1589 2229 ,

236 2263 323 2299 cas
344 2259 459 2300 toto
479 2246 574 2300 illo
594 2246 755 2317 spatio
777 2264 897 2299 cum
917 2246 980 2299 ab
1011 2245 1123 2315 ipso
1153 2257 1264 2298 tum
1296 2262 1321 2298 a
1354 2245 1505 2299 disci-

235 2314 374 2382 pulis
402 2314 611 2381 publice
643 2317 900 2367 orationes
931 2312 1028 2366 effe
1069 2311 1267 2366 habitas
1296 2314 1507 2382 constat,

236 2383 294 2435 in
314 2383 504 2451 quibus
527 2384 642 2446 sunt
660 2394 832 2454 praeter
851 2382 1217 2451 Panegyricum
1236 2381 1504 2505 Augffstis-

1390 2467 1501 2505 imo
