1638 2678
55 704 167 753 Inge-

56 771 168 793 mum

56 813 142 850 Viri
161 826 222 849 ex-

57 868 209 912 cellens,

253 145 317 208 36
547 142 783 196 FABRIC
790 146 830 195 11
862 145 1223 198 1NGEN1VM.

247 276 754 332 laboriofiffimorum
787 282 896 346 ejus
926 279 1230 350 scriptorum
1263 279 1516 334 admiran-

244 353 356 419 tur,
393 346 463 398 nil
486 349 762 414 quicquam
786 365 908 400 eum
930 347 1178 400 obeundo
1202 352 1400 402 muneri
1425 350 1514 402 de-

245 413 470 480 traxiffe,
506 415 590 466 sed
611 432 740 468 voce
763 433 867 469 non
888 418 1061 470 minus
1084 415 1326 486 profuiffe
1357 434 1514 486 quam

246 480 444 551 scriptis
470 481 768 554 intelligant.

776 607 818 676 §.
895 617 970 660 16.
1009 632 1014 634 ·

311 685 506 737 Merito
533 695 701 737 autem
722 687 837 751 quis
860 702 926 737 ex
959 701 1043 737 me
1071 694 1282 752 quaerat:
1318 684 1508 750 quibus

245 752 451 805 tandem
473 752 694 819 artibuS,
725 766 811 805 aut
833 769 938 820 quo
961 753 1272 821 compendio
1286 753 1403 804 usus
1419 757 1508 805 Fa-

242 818 436 873 bricius
458 832 537 873 tot
559 819 821 874 laboribus
845 819 1072 873 sufficere
1101 838 1232 872 unus
1266 823 1506 888 potuerit,

243 889 294 941 ἃ
324 888 556 941 officinas
590 887 856 958 praesertim
900 886 1125 941 librarias
1154 888 1394 940 instruere
1425 900 1506 941 tot

240 958 459 1026 egregiis
480 956 676 1026 scriptis
690 998 705 1023 ,
737 974 857 1009 cum
875 955 1023 1008 illum
1049 957 1150 1022 jam
1171 968 1251 1008 tot
1271 958 1406 1008 curis
1426 955 1506 1008 di-

238 1024 478 1078 straetum
501 1027 720 1077 tenuerit
741 1023 946 1093 publica
965 1023 1188 1076 docendi
1209 1022 1505 1092 provincia?

237 1095 412 1172 Qare
431 1089 726 1145 faciendum
749 1109 854 1145 non
876 1093 1077 1161 putavi,
1107 1093 1235 1158 quin
1255 1093 1505 1146 virtutum

239 1162 400 1214 ammi
421 1161 531 1226 ejus
554 1160 604 1213 ὅτ
626 1160 808 1228 agendi
833 1162 1083 1212 rationem
1105 1175 1392 1226 quanquam
1413 1162 1504 1211 vix

173 1265 175 1273 ,
238 1227 568 1295 imitandam,
588 1240 837 1295 quantum
859 1229 996 1296 potis
1027 1226 1122 1293 est,
1144 1243 1500 1296 proponerem.

235 1299 371 1350 Ante
404 1299 578 1349 omnia
607 1312 730 1348 vero
763 1297 976 1363 cogitari
1018 1294 1195 1361 debet,
1239 1294 1504 1363 contigiffe

235 1366 364 1417 Viro
403 1364 668 1416 ‘divinitus
716 1363 862 1431 plane
906 1361 1162 1415 excellens
1218 1364 1502 1431 ingenium,

236 1431 383 1501 quod
401 1431 452 1485 ὅτ
483 1431 744 1484 celerrime
774 1429 1228 1499 comprehenderet
1293 1431 1505 1497 erIpice-

236 1514 416 1569 retque
441 1499 597 1566 Ιαέὶει,
634 1500 682 1552 ἃ
704 1498 922 1551 fideliter
955 1500 1214 1559 retineret,
1251 1447 1300 1550 g
1331 1497 1504 1550 dicen-

232 1567 303 1622 ‘da
349 1586 408 1621 ac
439 1567 700 1621 scribenda
740 1579 943 1636 promte
976 1566 1276 1635 suggereret.
1349 1567 1501 1619 Enim

234 1653 361 1690 vero
399 1636 504 1690 dici
541 1638 631 1689 vix
662 1635 1019 1713 potest-quam
1065 1632 1286 1686 volubili
1331 1645 1503 1685 mente

163 1705 166 1714 ⁴
236 1703 528 1772 oculoque-5
550 1721 644 1756 nec
665 1706 853 1755 minorl
883 1704 1148 1768 utriusque
1180 1702 1315 1757 acie,
1339 1701 1501 1753 libros

138 1795 141 1802 ·
230 1773 412 1826 *omnis
431 1774 631 1841 generis
655 1781 988 1838 percurreret,
1017 1787 1138 1822 cum
1159 1767 1351 1821 nullam
1376 1769 1501 1820 faci-

236 1839 288 1893 le
322 1853 516 1910 partem
551 1840 856 1893 eruditionis
891 1836 1199 1904 relinqueret
1244 1834 1500 1889 intad'tam.

234 1908 401 1978 Prope
422 1907 557 1976 quasi
579 1907 686 1960 sola
709 1924 765 1959 ea
790 1923 899 1974 quae
935 1922 1095 1971 nova,
1130 1902 1500 1970 memorabilia,

233 1975 426 2045 solida,
462 1974 606 2029 utilia
638 1974 781 2042 sunt,
828 1972 1029 2040 objesta
1060 1972 1249 2039 legenti
1280 1969 1501 2038 fuiffent,

235 2046 306 2098 ita
337 2055 499 2098 cetera
529 2045 644 2096 trita
680 2042 761 2095 vel
791 2045 963 2107 inania
999 2040 1186 2105 subit0‚
1219 2040 1361 2092 velut
1395 2057 1502 2092 non

233 2111 416 2182 scripta
449 2110 679 2176 fuissent,
726 2109 1092 2175 transvolabat,
1122 2108 1208 2160 illa
1245 2124 1367 2159 vero
1401 2124 1500 2160 una

232 2181 553 2241 intuebatur3
577 2179 698 2245 illa,
734 2191 791 2230 ut
818 2176 1024 2231 facilius
1060 2176 1189 2231 olim
1220 2177 1502 2228 inveniren-

235 2259 342 2310 tur,
377 2248 658 2302 atramento
688 2246 1030 2312 subducebat,
1061 2246 1277 2313 margini
1310 2261 1418 2310 quae
1447 2246 1503 2295 in
1567 2284 1571 2289 .

235 2328 465 2369 mentem
497 2327 736 2369 venerant
768 2314 1040 2367 adnotabat
1061 2355 1077 2379 ,
1118 2314 1183 2365 ad
1217 2311 1376 2364 libros
1413 2309 1502 2364 fibi

222 2381 512 2448 'familiares
538 2383 728 2451 quibus
753 2380 1093 2454 circumfusus
1113 2392 1218 2434 erat
1237 2376 1501 2433 referebat.

1373 2449 1531 2523 (ζωᾶςΧ
1616 2406 1618 2432 ⁵
