1638 2678
289 148 351 196 42
443 126 725 183 FABRICII
759 125 973 179 VITAE
1010 125 1405 179 COMMODA.

289 277 459 332 quant.
528 268 676 318 Forte
697 264 746 317 Gt
767 282 832 316 ex
855 265 1096 318 sententia
1136 267 1152 315 i
1191 261 1288 317 fius
1311 266 1424 316 Viri
1448 263 1565 315 bea·

289 334 333 384 ti
354 335 483 385 inter
507 331 728 385 remedia
750 332 948 386 tuendae
969 332 1134 386 valetu
1175 333 1273 384 inis
1306 348 1561 397 numere8‚

290 401 437 468 quod
495 417 520 453 a
574 400 828 456 medicina
884 402 1030 454 omni
1091 397 1181 453 nisi
1244 402 1300 451 in
1360 399 1558 451 morbis
1629 448 1633 455 .

294 470 456 521 acutis
505 467 856 522 abstinendum
888 467 978 522 fibi
1010 468 1184 524 duxit,
1230 479 1414 519 naturae
1448 483 1559 518 cor-

290 536 498 605 rigenda
566 537 810 605 patienter
870 539 1159 604 relinquens
1191 577 1206 601 ‚
1274 553 1384 602 quae
1444 551 1559 587 mo-

292 603 489 656 lestiam
518 603 773 671 quandam
805 606 987 657 minari
1018 602 1331 657 videbantur.
1423 606 1558 654 Nam
1619 633 1623 654 2

277 678 351 723 'ut
404 674 459 723 in
505 674 749 740 praecipiti
794 675 904 724 vitae
953 670 1182 742 periculo
1228 669 1436 739 praesens
1483 687 1560 722 re·-
1620 664 1624 718 '2

292 738 528 792 medium
585 739 935 792 adhibendum
1009 740 1226 793 omnino
1289 737 1558 804 sentiebat,

290 805 694 876 adhibueratque
739 807 920 860 lubens
965 808 1094 876 ipse,
1151 823 1270 858 cum
1306 823 1411 857 non
1464 804 1558 859 diu
1624 849 1626 851 .

288 874 402 944 post
455 874 740 945 susceptum
805 893 996 928 munus
1047 873 1178 927 febri
1231 885 1377 926 acuta
1429 890 1555 925 cor-

290 944 563 1011 riperetur,
605 946 674 996 ita
727 945 782 996 in
832 943 1012 996 leviori
1052 943 1227 1008 aliquo
1266 943 1560 994 incommo-
1635 1001 1638 1008 ⁴

293 1009 382 1076 do,
423 1009 503 1062 vel
547 1011 743 1064 morbis
782 1010 1060 1077 chroniciS,
1093 1009 1198 1062 hoc
1230 1009 1299 1061 est
1333 1025 1570 1076 quorum*

292 1094 407 1130 vera
432 1078 655 1131 remedia
677 1078 869 1132 cordati
901 1078 1100 1131 Medici
1133 1080 1362 1144 ignorare
1395 1077 1445 1128 se
1480 1073 1557 1128 fa-

292 1155 488 1212 tentur,
524 1149 734 1214 gratiam
754 1146 1065 1199 existimabat
1082 1144 1368 1197 habendam
1388 1143 1556 1196 medi·
1620 1151 1622 1155 ’

291 1215 441 1280 cinae,
477 1214 640 1267 modo
671 1231 735 1267 ne
764 1225 1006 1267 conatum
1038 1225 1224 1265 naturae
1264 1211 1555 1281 impediret,
1615 1218 1619 1238 ’“

288 1281 343 1333 ἃ
366 1282 496 1333 vires
529 1282 629 1347 jam
659 1281 943 1334 debilitatas
971 1281 1174 1351 prorsus
1206 1280 1553 1348 prosterneret.
1612 1279 1634 1313 ι’

287 1350 506 1415 Nequeo
527 1360 697 1402 tamen
723 1349 824 1402 hoc
848 1348 969 1401 loco
998 1350 1270 1418 praeterire,
1305 1359 1556 1414 quantum

285 1417 341 1469 se
367 1416 552 1469 debere
574 1415 820 1485 profeffus
847 1414 904 1470 fit
937 1416 1110 1485 saepius
1141 1417 1290 1484 potui
1322 1432 1389 1467 ex
1420 1413 1554 1467 fabis
1615 1411 1631 1471 ’ἓ

286 1486 531 1537 Turcicis
584 1497 867 1553 praeparato.
959 1485 1101 1536 Huic
1144 1484 1284 1535 enim
1336 1484 1429 1534 uni
1469 1481 1550 1535 bis
1626 1487 1629 1517 ;

286 1551 524 1618 quotidie
557 1552 728 1604 sumto
752 1550 942 1604 fei-’ebat
964 1553 1017 1602 in
1040 1552 1277 1618 accepti8‚
1311 1549 1455 1617 quod
1476 1552 1556 1602 in·
1607 1586 1626 1593 <1

247 1648 249 1652 f
288 1618 450 1672 fultus
474 1619 554 1671 illi
573 1618 798 1687 febrileS‚
821 1622 911 1687 qui
933 1621 1114 1672 Virum
1135 1619 1287 1670 initio
1318 1618 1413 1670 iub
1446 1634 1555 1671 ver·
1624 1621 1625 1628 ’

288 1703 417 1739 num
439 1697 640 1755 tempus
674 1688 946 1754 quotannis
971 1697 1301 1749 vexaverant,
1331 1682 1552 1739 feliciter

287 1752 481 1822 depulfi
511 1753 674 1807 essent.
763 1757 922 1824 Igitur
955 1772 1042 1824 per
1071 1765 1151 1806 tot
1195 1770 1355 1805 annos
1385 1754 1611 1812 conti-o

287 1838 424 1875 nuos
448 1839 509 1873 ve
547 1837 633 1874 eto
657 1821 776 1875 usus
810 1839 1025 1890 corpore
1054 1820 1340 1887 Fabricius,
1370 1820 1553 1873 rai-iffi-

286 1906 373 1943 me
394 1891 509 1942 inva
532 1890 792 1943 etudinem
813 1892 916 1942 suis
950 1887 1338 1942 incommodam
1369 1888 1551 1941 studiis

287 1969 528 2025 expertus
564 1958 647 2009 est.
722 1958 818 2011 Sed
847 1958 898 2010 ἃ
929 1955 1240 2026 optatiffimae
1274 1957 1376 2008 tori
1405 1955 1553 2008 sociae

284 2025 619 2077 tribuendum
638 2025 735 2087 est,
772 2025 916 2093 quod
940 2018 1107 2077 nullis‘
1130 2023 1375 2076 distentus
1414 2025 1552 2077 curis
1632 2055 1635 2063 ν

286 2092 581 2145 domesticis
603 2093 838 2160 expedite
860 2092 1096 2162 progredi
1115 2093 1171 2143 in
1190 2090 1453 2144 laboribus
1474 2094 1553 2143 in·
1628 2126 1632 2129 -

284 2159 472 2213 stitutis
491 2162 728 2228 potuerit.
801 2163 1098 2230 Contigerat
1119 2160 1259 2211 enim
1282 2161 1331 2210 ei
1366 2158 1553 2210 divini-

285 2237 372 2280 tus
397 2230 671 2294 Margereta
691 2227 954 2285 Schultzia,
988 2224 1176 2280 inufitae
1203 2225 1551 2279 mansuetudi-
1628 2259 1629 2264 =

286 2296 369 2348 nis
421 2293 631 2348 foemina
657 2338 672 2363 ,
726 2294 986 2364 fingularis
1042 2293 1317 2365 prudentiae
1375 2311 1553 2347 exem·
1630 2317 1634 2322 ·

286 2361 461 2431 plum,
493 2364 640 2431 cujus
661 2364 801 2419 suavi
822 2361 1194 2420 consuetudine
1213 2359 1339 2419 ficut
1359 2378 1386 2417 a
1405 2361 1552 2416 labo·
1590 2379 1599 2411 ς

1494 2444 1552 2481 re
