1604 2658
575 127 584 138 ⁴
678 112 961 167 PRAEFAT
963 112 1080 166 16.-

212 247 373 325 juxta
406 264 469 304 ac
501 253 914 315 recentiorum,
954 246 1049 305 seu
1083 245 1229 304 edita
1250 243 1505 314 antehac,

219 322 314 386 seu
333 321 565 389 inedita,
605 341 726 399 quae
755 322 984 380 inlibris
1007 321 1345 379 Fabricianis
1377 341 1504 399 pas-

223 399 330 471 fim
353 397 517 455 obvia
533 397 684 468 sunt,
726 401 782 455 δε
811 417 842 454 a
879 416 972 468 me
1006 402 1066 455 in
1095 397 1280 454 Indice
1308 414 1505 453 recen-

223 473 427 540 sentur,
446 487 610 550 atque
632 471 879 530 asterisco
905 468 1352 548 distinguuntur.)
1394 473 1505 528 Ac-

224 547 430 606 cedunt
452 567 514 604 ea
544 567 664 625 quae
690 553 934 607 moriens
962 548 1186 624 reliquit
1206 550 1377 614 MSta,
1409 562 1505 602 aut

266 637 411 680 arata
434 623 854 699 propemodum
877 624 1067 700 prae10,
1109 638 1204 679 aut
1224 637 1402 698 coepta
1423 619 1505 677 af-

223 644 494 774 ¹{Pecstaque
572 700 907 775 Qanquam
929 718 1065 756 vero
1085 717 1200 755 non
1219 697 1387 754 essem
1405 715 1503 753 ne-

221 774 359 832 scius
383 815 402 841 ,
441 773 618 830 multa
648 772 831 842 mihi,
885 794 1006 851 quae
1050 780 1109 831 in
1141 773 1341 848 vulgus
1372 787 1506 833 nota

223 844 364 915 sunt,
404 847 473 905 de
497 851 721 925 Scriptis
741 850 906 925 pleris
947 870 1019 907 ue
1044 849 1202 907 editis
1224 846 1506 905 afferenda

226 923 352 990 effe,
390 937 581 981 tamen
602 943 673 982 ne
697 924 831 1000 quid
851 945 924 1001 po
972 941 1025 982 et
1040 923 1167 998 jure
1189 923 1503 989 desiderari,

226 998 609 1066 omittendum
631 997 767 1056 nihil
787 999 1117 1068 existimavi,
1139 997 1291 1076 quod
1304 998 1371 1055 ad
1386 997 1507 1075 ple-

202 1093 205 1094 ’
225 1092 367 1132 :num
382 1071 618 1147 cujusvis·
640 1074 765 1131 libri
784 1076 1031 1143 titulum,
1055 1073 1504 1149 magnitudinem

226 1147 608 1224 formamque,
634 1148 702 1206 ad
725 1155 982 1225 repetitas
998 1150 1288 1217 editioneS,
1326 1148 1396 1205 ad
1419 1146 1507 1204 hi·
1593 1199 1601 1220 ;

224 1223 453 1281 storiam
474 1227 530 1280 ὃς
550 1226 899 1281 occasionem
919 1225 1213 1292 librorum,
1247 1224 1318 1281 ad
1339 1242 1506 1298 argu-
1599 1238 1601 1241 ’

225 1313 489 1356 mentum
509 1302 564 1356 ὃς
585 1298 965 1375 supplementa
985 1302 1169 1366 Mssa,
1209 1299 1279 1355 ad
1294 1297 1506 1373 judicia

225 1375 468 1449 denique
490 1373 842 1432 eruditorum
864 1375 931 1431 de
960 1375 1180 1450 fingulis
1202 1373 1352 1431 libris
1383 1372 1504 1449 spe·

227 1449 415 1508 filaret.
496 1449 663 1525 Qod
685 1455 847 1506 tertio
862 1449 987 1506 loco
1011 1448 1186 1523 adjeci
1207 1459 1504 1521 Argumenta

227 1528 662 1593 Historico-Critica
694 1543 764 1581 ex
789 1524 1026 1601 epistolis
1049 1525 1331 1581 clarorum
1351 1527 1506 1580 viro-

229 1616 363 1656 rum
391 1596 460 1653 ad
482 1596 832 1666 Fabricium,
873 1597 986 1673 ejus
1011 1605 1092 1656 rei
1118 1599 1339 1657 facilem
1364 1595 1507 1654 mihi

230 1677 454 1730 veniam
483 1671 575 1729 abs
604 1674 694 1730 Te
726 1674 1007 1747 polliceor.
1092 1678 1246 1732 Nam
1275 1688 1506 1751 praeter-

228 1765 402 1823 quam
424 1747 575 1822 quod
595 1752 653 1804 in
673 1747 879 1808 horum
901 1769 1016 1806 non
1036 1756 1243 1827 pauciS,
1268 1754 1388 1806 sunt
1405 1747 1506 1804 ali·

272 1841 353 1878 uae
375 1823 538 1904 ipfius
563 1822 800 1881 Fabricii
830 1840 1010 1901 partes
1021 1866 1039 1892 ‚
1084 1831 1253 1881 etiam
1284 1844 1371 1882 res
1402 1842 1505 1899 per

252 1916 280 1954 e
306 1897 464 1953 utiles
481 1898 849 1975 Jucundaeque
869 1900 959 1957 sua
980 1905 1260 1967 varietate,
1291 1900 1392 1956 nisi
1413 1898 1506 1954 hic

230 1971 558 2028 inveniffent
597 1973 820 2042 locum,
843 2029 850 2033 l
876 1995 978 2032 nus
1018 1994 1150 2039 uam
1183 1971 1507 2032 habuissent.
1551 2001 1581 2039 χι

230 2049 310 2104 Ita
339 2064 443 2102 nec
463 2046 757 2106 lectoribus
792 2070 894 2108 nec
914 2050 1005 2107 bib
1027 2050 1227 2127 iopolae
1257 2049 1399 2108 mihi
1419 2053 1506 2105 vi-
1578 2071 1579 2079 ¹

232 2120 404 2178 debar
425 2120 573 2178 recte
596 2124 733 2199 pros
762 2129 935 2193 icere,
974 2126 1014 2183 fi
1035 2130 1274 2201 integras
1301 2123 1505 2201 episto-

231 2195 308 2254 las
342 2196 632 2272 separatim
668 2219 698 2255 e
740 2219 934 2268 erem,
978 2219 1081 2258 nec
1115 2215 1304 2258 tamen
1342 2199 1506 2275 culpa

233 2271 584 2340 eximendus,
610 2274 651 2330 fi
669 2293 923 2349 gemmas
946 2295 1137 2333 earum
1158 2277 1396 2332 sinerem
1418 2279 1506 2330 in-

231 2351 430 2415 terire,
477 2345 932 2428 dimitteremque
961 2352 1309 2410 occasionem
1329 2393 1377 2485 ,d
1397 2366 1506 2426 qua
1565 2367 1587 2423 ,ῃ

1271 2441 1339 2484 tae
1379 2442 1502 2484 lum
1583 2452 1589 2476 ι
