1638 2678
314 179 409 227 322
825 160 1048 213 PAVW.
1125 119 1128 122 Ι

380 295 461 348 Ut
487 292 551 353 ,de
570 309 700 349 voce
719 292 952 363 λαφόςως
974 293 1181 358 eiusque
1193 289 1427 368 scriptura
1439 289 1565 358 quid

308 361 519 415 sentiam
551 359 714 428 palam
748 359 842 412 tibi
871 358 1131 428 profitear,
1163 359 1218 409 in
1249 375 1359 423 ejus
1388 358 1563 412 locum

307 427 562 482 substituit
582 430 671 480 Vir
688 429 921 495 egregius
943 426 1201 495 λαθέξαις,
1235 425 1374 492 quod
1395 426 1563 479 dicam

309 513 426 549 vere
449 495 577 548 mihi
597 495 853 564 displicuit
875 496 925 546 in
946 494 1085 545 hunc
1109 493 1245 545 diem
1267 493 1437 560 usque.
1468 507 1561 547 λοι-

307 564 474 634 φύςοιις
498 563 692 630 absque
716 561 825 614 ullo
850 561 1012 614 dubio
1032 561 1241 629 captivis
1270 563 1373 613 inte
1434 574 1561 613 reta-

307 633 353 684 ri
383 631 543 699 potest
572 673 588 697 ‚
644 646 759 682 nam
790 634 894 682 'vox
925 628 995 681 est
1034 627 1188 696 proba
1218 628 1266 680 ἃ
1300 645 1389 682 ana
1412 630 1561 698 ogice

305 695 548 764 formata,
580 714 862 764 quanquam
886 695 1069 749 nullibi
1087 693 1290 748 forsitan
1310 707 1559 752 occurrat,

304 777 630 834 praeterquam
653 767 707 817 in
727 764 829 816 hoc
854 763 1181 816 Manethonis
1203 779 1372 832 opere.
1413 766 1562 838 Qot

306 835 446 886 enim
465 833 736 886 domestica
759 849 862 885 non
887 832 1000 883 sunt
1022 830 1073 883 ἀ
1089 830 1348 884 vernacula
1386 833 1440 883 in
1475 848 1558 883 au-
1621 855 1624 860 ¹

304 898 536 961 &oribus
567 897 782 968 priscis?
834 898 1146 952 Phavorinus
1178 900 1232 959 in
1263 899 1356 950 suo
1386 915 1558 967 prom-

302 970 495 1021 mario:
527 968 774 1038 Λαφύςων,
819 968 1169 1035 αι’χμαλωσιῶνὶ
1204 964 1386 1033 scripfit
1419 963 1555 1019 forfi-

303 1047 392 1089 tan
422 1031 812 1103 αἰχμαλωτίδωνς
858 1051 972 1087 nam
1003 1045 1154 1103 prout
1175 1032 1359 1100 legitur
1378 1033 1557 1100 hodie,

302 1105 652 1171 interpretatio
679 1120 783 1155 non
807 1101 876 1154 est
900 1102 1012 1154 satis
1036 1113 1160 1169 apta.
1229 1103 1309 1153 Sic
1327 1101 1430 1153 haec
1451 1100 1556 1170 ipsa

303 1187 411 1225 vox
446 1170 766 1238 Etymologis
799 1166 966 1222 fuiffet
1009 1181 1142 1220 nota.
1208 1171 1298 1220 Tu
1337 1168 1555 1236 judice8‚

301 1240 389 1292 cui
402 1241 573 1290 omnia
596 1254 704 1290 mea
721 1236 901 1289 lubens
921 1236 1180 1289 submitto.
1250 1239 1454 1291 Interim
1465 1252 1556 1289 co-

299 1305 549 1377 gitabarn,
581 1321 688 1359 non
709 1304 988 1380 diffitebor,
1023 1302 1296 1371 aliquando

589 1465 599 1472 ,
739 1449 743 1453 .
993 1390 1061 1451 ἦὸἒ
1097 1394 1294 1464 &affinem

392 1469 410 1490 ⁵⁹
466 1469 679 1542 Ἀιχῖςοις
711 1469 874 1527 διδόασι
907 1472 1016 1540 (vel
1037 1475 1242 1541 αι’χίςαις

295 1560 472 1631 longe,
491 1574 549 1615 ut
570 1563 702 1616 mihi
724 1563 939 1630 videtur,
985 1561 1263 1629 elegantius
1287 1579 1439 1631 quam
1461 1563 1552 1616 ha·
1595 1562 1599 1565 ’

299 1629 503 1683 ἃειιυεε
539 1628 593 1691 εἰ
612 1631 806 1682 exuvias
825 1630 1023 1681 vic‘loriae
1042 1629 1241 1696 pefflmis
1263 1633 1473 1682 tribuunt
1493 1665 1508 1674 -
1533 1661 1552 1672 -

296 1696 494 1752 faciunt
515 1709 572 1750 ut
608 1698 861 1750 ardentius
895 1697 1092 1750 adamet
1123 1700 1332 1751 maritus
1366 1714 1552 1767 pecora

294 1764 492 1819 strvilia
521 1781 674 1831 quam
705 1781 892 1819 uxores
923 1762 969 1817 le
1005 1766 1171 1818 itimas
1208 1765 1256 1819 ἀ
1288 1768 1548 1834 ingenuas,

295 1831 445 1908 Qid
463 1832 738 1886 venustum—
755 1830 948 1901 magis?
1000 1835 1206 1898 oquitur
1224 1845 1462 1900 tanquam
1484 1832 1550 1886 de

293 1900 594 1962 certamine,
628 1899 770 1967 q'uod
789 1904 918 1954 inter
938 1900 1097 1953 scorta
1118 1900 1347 1953 viliffima
1370 1900 1419 1953 δι
1448 1916 1550 1953 ma·
1582 1957 1587 1962 ,

293 1978 467 2021 tronas
499 1967 709 2037 pudicas
728 1966 828 2020 fuit
847 2010 863 2035 ‚
887 1972 890 1975 “
915 1968 1166 2034 cujusque
1199 1966 1416 2021 vicloria
1437 1980 1548 2019 tan-

292 2034 414 2087 dem
436 2034 679 2088 astrorum
700 2036 899 2088 influxu
929 2034 1221 2104 turpiffimis
1242 2035 1395 2088 ceffit.
1446 2037 1548 2086 ·1n-

287 2103 470 2171 primis
494 2101 602 2155 haec
628 2102 873 2169 loquendi
895 2103 1023 2158 ratio
1041 2102 1104 2155 ad
1137 2105 1345 2172 genium
1368 2106 1548 2155 Mane·
1572 2155 1574 2157 ,

285 2169 467 2291 gignit?
486 2184 639 2237 quam
662 2172 897 2239 proxime
919 2169 1127 2223 accedit.
1142 2212 1175 2240 ,‚
1205 2169 1387 2236 Ultraj.
1403 2169 1449 2223 d.
1465 2172 1547 2234 23.

394 2253 428 2290 o
468 2275 478 2287 .
507 2254 648 2302 1707.
1149 2299 1151 2301 ¹

284 2313 316 2363 k
354 2308 391 2364 †
429 2303 686 2368 Fabricius
726 2305 781 2357 in
800 2307 956 2372 priori
1001 2303 1198 2370 locoi„
1239 2301 1356 2357 ἴωσι
1390 2304 1545 2372 βροτοὶ

254 2381 257 2382 ’
287 2375 503 2431 ςελέεσιν.
562 2371 826 2427 'Holstenii
870 2371 1217 2442 apographum
1260 2372 1441 2442 βροτοῖς
1472 2393 1542 2428 ςε-

1377 2443 1540 2508 λὲεσιν,
