1638 2678
320 183 385 238 84
452 138 738 228 FABmcn
773 166 977 223 AMOR
1015 169 1196 221 ERGA
1230 169 1447 223 Amos.

307 260 1545 278 “m—ff...

310 301 714 357 hebdomadales
738 304 972 371 agitavit,
1004 303 1054 356 ὅτ
1073 305 1333 357 sermones
1357 303 1509 356 utiles
1529 302 1581 355 ἃ

314 371 571 424 ‘ucundos
591 370 812 424 miscuit.
882 373 1189 439 Qanquam
1210 389 1333 424 vero
1355 374 1411 424 in
1429 369 1580 424 fami-

331 441 424 492 iari
445 438 723 506 colloquio·
736 438 894 492 libere
918 442 1110 493 diceret
1130 440 1430 493 sententiam
1445 482 1461 508 ‚
1482 456 1580 492 nec

312 507 376 559 ab
397 524 456 559 ea
479 507 529 559 se
550 505 701 560 facile
723 506 1029 576 disputando
1042 509 1296 561 dimoveri
1311 520 1579 578 pateretur,

310 587 486 627 tamen
515 592 775 642 nunquam
799 575 1071 643 commisit,
1097 590 1153 628 ut
1178 575 1322 630 didio
1345 575 1579 629 aculeato
1636 630 1638 636 ,

311 659 607 710 quenquam
640 643 949 699 offenderet,
995 656 1082 697 aut
1113 644 1239 697 dum
1273 647 1579 714 opinionem
1635 646 1638 699 “,

309 721 556 778 tueretur,
569 713 794 764 amicum
840 711 1049 766 erderet.
1122 715 1355 765 Maxime
1378 729 1500 765 vero
1523 715 1579 764 in

308 783 459 831 omni
480 779 714 832 sermone
737 781 799 832 ab
841 782 1044 834 orrebat
1066 781 1428 834 atraducendis
1446 780 1577 846 aliis,

308 863 597 914 eorumque
621 850 760 901 vitiis
785 847 1110 919 divulgandis
1145 862 1232 902 aut
1267 848 1580 914 accusandiS,

307 917 366 968 in
396 916 453 967 id
476 917 714 975 vintentus
746 918 949 984 potiuS,
987 929 1043 969 ut
1076 919 1291 970 virtutes
1323 919 1580 984 cujusque

307 982 565 1050 laudaret,
600 985 723 1036 vitia
747 984 829 1037 vel
852 979 1157 1052 relinqueret
1175 985 1287 1037 aliis
1314 984 1579 1055 propalan-

308 1050 400 1116 da,
430 1051 513 1105 vel
532 1052 796 1105 excusaret
819 1052 869 1105 ἃ
892 1053 1163 1105 emolliret.
1231 1057 1412 1120 Neque
1445 1052 1578 1105 ferre

305 1130 507 1187 poterat
537 1119 768 1172 eruditos
797 1137 1008 1187 quoque
1043 1123 1098 1172 in
1128 1122 1352 1188 scriptis,
1385 1123 1471 1189 qui
1499 1121 1580 1171 do-

307 1188 466 1237 c‘Irinae
479 1187 771 1253 perfimfione
782 1188 871 1250 fibi
902 1177 1169 1251 exist'imant
1202 1186 1287 1256 effe
1305 1189 1424 1256 fas,
1458 1189 1580 1239 alios

307 1254 538 1323 quoslibet
558 1269 875 1313 contemnere,
904 1257 956 1306 in
977 1274 1052 1306 eos
1073 1257 1188 1308 data
1200 1274 1483 1325 quacunque
1502 1255 1603 1311 'vel'

307 1339 403 1372 non
431 1322 548 1374 data
581 1321 807 1387 occasione
833 1323 1141 1383 debacchari,
1175 1339 1372 1391 propter
1408 1322 1578 1385 leviffl-

306 1406 436 1441 mam
460 1403 673 1442 notatam
683 1390 819 1457 forte
836 1390 1364 1449 hallucinatiunculam,
1399 1393 1579 1443 nullam
1602 1413 1611 1423 ·

306 1458 487 1523 ingenii
505 1475 563 1509 ac
585 1459 820 1509 dominae
837 1475 895 1516 oc
926 1476 985 1509 ne
1012 1459 1212 1509 hominis
1245 1459 1435 1527 quidem
1461 1475 1579 1525 gra-

302 1525 430 1577 tiam
442 1524 639 1591 facere,
676 1526 733 1577 de
752 1527 929 1592 ingenii
948 1527 1087 1591 causo
1101 1527 1416 1593 implacabiles
1426 1526 1577 1594 Juftt‘-

297 1606 416 1661 pere
433 1593 727 1660 inimicitias,
748 1608 894 1662 atque
914 1592 1037 1658 casta
1050 1595 1299 1658 Musbrum
1305 1594 1453 1660 sacra
1474 1611 1577 1646 mu·
1628 1623 1629 1632 κ

308 1674 416 1711 tare
437 1663 736 1719 murenam,
767 1662 897 1728 quod
922 1662 1076 1726 ajebat
1104 1661 1313 1728 Lipffus,
1346 1664 1579 1726 bestiario·
1627 1687 1630 1699 ι

306 1745 431 1781 rum·
464 1729 568 1797 (p).
640 1728 864 1782 Dolebat
915 1730 1072 1782 'etiam
1124 1729 1457 1783 vehementer
1478 1772 1493 1796 ‚
1538 1728 1576 1785 fi

1414 1813 1575 1865 quan-
1598 1852 1599 1855 ,
1622 1819 1624 1823 ’

361 1933 425 1983 (p)
453 1930 554 1971 Vide
571 1931 840 1972 Praefationem
863 1931 911 1972 ad
931 1934 1075 1972 Graevii
1095 1931 1339 1976 Praefationes
1367 1934 1404 1970 ἀ
1426 1931 1576 1985 Episto-
1595 1945 1597 1974 ι

443 1984 514 2034 las,
534 1987 603 2026 ubi
621 1989 793 2036 graviter
812 1998 946 2028 contra
966 1987 1006 2027 id
1027 1987 1216 2028 scribendi
1245 2001 1364 2037 genus
1391 1982 1595 2041 disputan}

440 2040 530 2095 Ipse
559 2056 644 2081 cum
675 2044 863 2092 Jacobum
900 2045 1148 2083 Gronovium
1179 2042 1282 2082 haud
1311 2055 1392 2081 uno
1413 2043 1593 2081 nomine*

440 2093 655 2150 praesertim
683 2099 723 2137 in
755 2099 989 2138 Manethone
1017 2100 1058 2137 in
1087 2098 1125 2137 se
1152 2099 1338 2146 injurium
1361 2096 1577 2150 deprehen.

438 2148 574 2198 diffet,
599 2160 727 2192 tamen
748 2153 795 2192 de
823 2157 903 2203 ejus
924 2154 1158 2193 Manethone
1176 2151 1276 2193 Bibl.
1297 2154 1368 2195 Gr.
1379 2153 1435 2192 T.
1450 2155 1500 2191 ΙΙ.
1534 2168 1575 2208 p.

441 2217 537 2259 500,
555 2205 705 2247 scribit:
739 2207 913 2262 Existimo
937 2210 1049 2248 etiam
1074 2209 1233 2253 laborm
1256 2209 1378 2255 illum,
1396 2221 1502 2261 quem
1520 2210 1576 2249 rei
1636 2229 1638 2239 ι

436 2260 615 2306 literafiae
631 2262 721 2302 bono
740 2263 844 2303 haud
859 2263 971 2302 levem
988 2262 1175 2317 infiamstt,
1198 2262 1308 2301 eliud
1330 2263 1432 2316 longe
1461 2277 1578 2305 mere-

433 2316 493 2363 ri,
521 2328 634 2370 quam
651 2328 697 2357 ut
717 2327 871 2371 propter
888 2320 972 2366 illa,
995 2331 1076 2372 qna·
1093 2321 1133 2358 in
1149 2316 1228 2371 ejus
1245 2318 1402 2357 editione
1427 2318 1486 2357 vel
1516 2320 1576 2365 in·-

430 2374 693 2423 terpretatione
716 2373 776 2412 vel
800 2374 897 2413 notis
927 2375 1039 2413 etiam
1065 2374 1158 2414 obelo
1185 2373 1299 2426 digna
1324 2373 1576 2413 animadve-ti
1615 2392 1616 2397 ¹

421 2424 595 2480 fortqffis
611 2426 765 2483 poffint,
794 2427 853 2469 vel
868 2441 892 2468 a
909 2442 984 2477 me,
1016 2428 1078 2468 vel
1090 2428 1138 2469 ab
1156 2427 1231 2469 alio
1248 2439 1462 2483 quocunque
1485 2431 1581 2468 eac-'a-¹

1478 2493 1574 2537 gtte-
