1638 2678
494 127 933 204 'KETTNERvs
1156 151 1165 162 ·
1261 161 1359 213 279

94 238 1363 260 ...............-.........-.-.----—.-..

35 346 38 362 .
81 288 280 342 Latinis
304 288 394 367 qui
419 284 618 353 aliquot
636 281 938 336 saeculorum
959 278 1133 335 ferunt
1153 291 1370 349 atatem,

79 356 278 411 leffium
308 354 401 408 iub
424 353 734 418 Hieronymi
758 352 1003 418 nomine,
1027 366 1195 417 neque
1226 351 1368 418 quic-

35 428 38 454 ²
81 442 236 493 quam
261 424 457 477 ratione
481 418 729 475 dic'tionis
750 421 1014 473 continere
1036 419 1370 487 Hieronymo

79 493 386 562 indignum,
429 490 510 545 vel
539 487 682 558 quod
715 487 866 542 scribi
901 505 1007 541 non
1079 490 1271 540 otuerit
1304 486 1370 541 ab

80 563 441 630 Hieronym0,
476 555 803 613 manifestum
819 555 916 610 effe
937 558 1018 610 exi
1065 557 1191 610 imo.
1260 558 1373 610 Ta-

81 647 203 685 men
230 647 320 700 per
358 645 476 694 uam
500 623 764 697 probabile
788 622 1003 694 faciunt,
1029 624 1173 693 quod
1194 625 1369 695 prolo-

80 716 178 770 gus
201 699 290 752 hic
344 710 384 751 it
406 699 733 763 Hieronymo
765 693 857 763 sup
895 692 1080 761 ofitus,
1116 694 1368 760 quoniam

80 768 382 835 neutiquam
408 763 601 819 constat
637 763 815 816 locum
850 764 866 815 i
892 761 1002 815 lum
1036 761 1292 815 celebrem
1314 765 1364 815 S.

79 838 296 901 Joannis
321 834 385 888 de
408 832 650 897 tribusxin
680 829 816 885 coelo
845 830 1058 884 testibus
1091 830 1154 883 ab
1178 832 1370 884 Hiero-

80 921 243 972 nymo
264 902 456 957 leclum
483 899 658 968 fuiffe‚
695 916 802 967 quo
824 916 1080 966 nusquam
1104 900 1368 967 Hierony-

80 990 200 1027 mus
224 975 400 1038 utitur,
426 969 571 1038 quod
593 966 787 1022 feciffet
810 970 1008 1036 utique,
1040 965 1075 1021 fi
1111 979 1169 1021 ut
1188 966 1369 1021 scribit

77 1039 281 1097 Austor
303 1038 535 1109 prologi,
572 1036 884 1091 catholicam
907 1036 1064 1089 fidem
1101 1053 1169 1089 eo
1200 1038 1367 1090 maxi-

77 1128 165 1164 me
186 1109 415 1164 roborari
441 1105 741 1160 credidisset.
834 1108 897 1157 Et
927 1107 980 1158 in
1013 1121 1168 1173 quam
1204 1105 1367 1172 pluri-

0 1220 2 1230 ι
78 1180 183 1234 mis
204 1181 343 1231 MSS.
367 1176 654 1230 Bibliorum
689 1173 968 1227 latinorum
1002 1171 1082 1225 vel
1118 1172 1366 1227 desidera-

0 1294 1 1298 ,
80 1260 167 1301 tur
189 1245 410 1317 prorsus,
432 1243 514 1298 vel
539 1241 877 1297 diversimode
898 1240 1114 1311 scriptus
1139 1254 1229 1295 aut
1255 1260 1366 1296 non

36 1351 37 1359 κ
80 1332 192 1369 uno
213 1316 335 1368 loco
360 1312 576 1366 insertus
600 1310 804 1381 legitur,
866 1309 1139 1378 nandoque
1158 1312 1314 1364 etiam
1334 1329 1365 1365 a

35 1410 37 1415 v
78 1385 366 1437 recentiore
389 1399 571 1435 manu:
608 1384 671 1432 Et
690 1379 834 1432 Mabi
862 1378 1034 1431 lonius
1052 1381 1120 1430 T.
1138 1382 1173 1431 Ι.
1189 1380 1364 1434 Musei

78 1451 247 1506 Italici
266 1469 323 1522 p.-
334 1462 411 1510 68.
437 1461 690 1503 memorat
713 1448 969 1501 Codicem
984 1446 1274 1501 Bibliorum
1289 1447 1363 1502 la-

78 1523 312 1575 tinorum
357 1516 611 1572 verfionis‘
639 1517 1056 1584 Hieronymianae
1095 1529 1364 1572 exaratum

0 1684 2 1692 2
78 1670 175 1712 cus
199 1656 287 1711 ille
311 1673 416 1710 non
438 1655 639 1726 legitur.
711 1658 965 1722 Itaqueut
983 1670 1078 1721 pro
1102 1653 1364 1723 suppofito

0 1747 2 1775 ι
77 1728 355 1797 prologum
391 1724 541 1778 illum
581 1724 820 1794 protinus
855 1734 1008 1790 atque
1035 1720 1365 1777 affeveranter

0 1814 2 1846 i
80 1796 301 1862 abjicere
321 1791 506 1852 ausim,
541 1791 776 1846 nondum
798 1790 912 1844 sum
944 1792 1191 1857 Simonii‚
1218 1794 1361 1845 Mar-

0 1880 3 1911 ὲ
77 1865 283 1931 cianaei‚
318 1860 479 1916 Millii
511 1861 835 1927 aliorumque
856 1855 972 1929 ipfis
996 1859 1248 1927 ὁμσψῆφων
1282 1876 1361 1913 ar-

77 1934 339 2002 gumentis
361 1930 645 2000 persuasus:
678 1930 760 1983 Ut
782 1929 1094 1996 Hieronymi
1121 1927 1218 1981 effe
1250 1945 1360 1983 cer-

36 2025 37 2039 *
77 2000 267 2054 tiffime
285 1999 553 2066 affirmem,
588 1997 982 2051 necMartinius
1004 2013 1104 2049 nec
1129 1999 1220 2064 qui
1244 2010 1366 2052 ante

0 2123 2 2138 ἶ
36 2127 37 2134 ¹
77 2069 231 2122 illum
250 2085 345 2138 pro
366 2066 460 2125 hac
490 2067 737 2120 sententia
770 2062 1064 2129 militarunt⁴
1089 2082 1363 2134 argumen-

36 2138 37 2201 ᾖ
77 2149 255 2192 torum
277 2137 489 2190 suorum
510 2133 996 2206 pondereefficiunt.
1066 2134 1255 2187 Habeo
1270 2137 1362 2188 ita-

78 2223 183 2273 que
211 2223 307 2276 pro
330 2203 526 2262 dubio,
563 2204 615 2258 ἀ
636 2204 700 2258 ad
734 2219 891 2271 quem
925 2218 1207 2271 provocare
1241 2213 1364 2258 tuto

36 2335 37 2338 Ἴ
78 2291 139 2328 ac
159 2274 333 2327 secure
355 2272 634 2339 nonlicet,
668 2274 737 2325 ita
759 2282 818 2323 ut
853 2270 917 2323 ad
949 2270 1204 2323 summam
1238 2289 1362 2326 con·-

36 2361 37 2380 2
74 2340 326 2397 troverfiae
349 2341 415 2396 de
435 2342 661 2412 οὶυθεντίῳ
683 2339 813 2394 ὀὶἂί
834 2338 1092 2403 Johannei
1114 2342 1204 2392 vix
1215 2342 1363 2407 quic-

36 2430 37 2439 ¹
78 2427 239 2481 quam
267 2410 420 2481 poffit
452 2406 840 2532 conferre‚S-nifi
872 2404 1069 2463 lestum
1095 2406 1250 2462 illum
1280 2408 1362 2464 lo-

784 2495 821 2545 4
1234 2492 1359 2535 cum

0 1629 1 1639 η
79 1602 196 1644 ante
216 1605 377 1651 annos
398 1586 560 1654 mille,
593 1588 650 1640 in
674 1603 782 1654 quo
802 1583 1048 1654 prologus
1069 1583 1272 1652 legitur,
1286 1585 1366 1639 102-
1454 1632 1457 1634 ,
