1638 2678
243 109 531 164 FABmcn
565 109 772 165 AMOR
808 111 989 165 ERGA
1020 111 1238 167 ALIOS.
1310 123 1370 203 ξς

98 203 1371 223 ----.-.-—----.——.-—.

0 268 5 304 r
46 274 48 299 f
97 247 309 314 quando
329 247 377 299 ἃ
404 250 455 298 T
461 244 675 314 heologi
710 242 1013 299 ffinstiorem
1045 243 1170 298 disci
1213 243 1371 298 linam

95 315 359 381 ejusmodi
381 313 634 368 scribendi
657 330 841 383 genere
865 313 1144 383 conspurca
1186 325 1289 381 ent,
1320 314 1373 367 Gt

94 387 202 438 veri
216 382 419 437 cursum
431 381 710 436 offenflone
729 384 1022 436 animorum
1046 380 1370 436 retardarent.

40 457 41 479 ¹
96 452 298 574 Qsmdfi
320 468 541 521 pugnare
562 468 655 521 pro
690 448 933 505 dostrinae
964 453 1181 522 puritate
1212 468 1292 505 res
1320 451 1374 506 ὅτ

16 521 39 554 Ψ
95 530 151 575 ot
169 523 334 575 icium
354 518 598 587 postulet,
621 519 872 588 censebat,
886 522 1200 590 argumentis
1213 536 1371 587 quam

94 589 209 644 fieri
224 586 698 660 potestfortiffimis,
733 589 818 643 sed
842 589 1011 642 verbis
1035 606 1190 657 quam
1215 589 1368 643 lenis-

32 708 33 714 ,
91 657 230 714 fimis
251 657 583 779 pugnandum
619 656 744 726 esse,
779 655 846 711 fic
879 670 1052 711 tamen
1089 670 1147 711 ut
1180 660 1367 712 veritas

91 745 198 782 non
223 744 316 799 pro
355 738 492 786 atur3
526 728 593 779 ita
626 723 891 784 futurum,
930 739 987 780 ut
1016 727 1150 780 nihil
1181 726 1370 780 habeat

90 800 223 850 ratio
242 794 385 864 quod
406 795 664 862 obvertat,
699 813 796 849 nec
817 795 1055 849 voluntas
1077 794 1142 849 ad
1164 795 1368 849 idinvi-

26 878 27 899 ³
94 878 144 918 ta
183 869 381 918 ratione
424 863 729 918 tentandum
764 864 1130 925 exacerbetur3
1163 861 1367 934 fignum

22 960 25 1002 ς
89 951 214 988 vero
237 932 336 987 effe
354 935 696 1003 impotentiae,
731 932 766 987 fi
786 936 903 1001 quis
920 934 1367 988 *causamnontam

87 1019 142 1056 ar
178 1004 402 1056 umentis
433 1019 586 1070 quarn
624 1000 914 1057 maledidh's
944 1015 1174 1070 tueatur,
1208 1004 1365 1056 armis

88 1021 381 1126 Cfiristiano
402 1070 619 1125 homine
643 1089 732 1141 per
749 1071 799 1124 se
814 1071 1054 1140 indignis.
1123 1073 1244 1124 Scio
1256 1088 1366 1124 non

17 1155 18 1158 ’
86 1153 190 1194 tam
211 1157 235 1193 a
274 1152 378 1194 erte
402 1156 558 1208 quam
577 1139 873 1193 clanculum
887 1139 1107 1194 accusbri
1133 1139 1296 1193 hacin
1309 1157 1366 1193 re

87 1226 115 1263 a
151 1210 241 1277 qui
284 1208 463 1262 usdam
494 1210 603 1261 Viri
635 1208 935 1276 lenitatem,
979 1207 1125 1276 quod
1161 1225 1283 1261 cum
1307 1210 1363 1261 in

83 1279 267 1343 ceteris
291 1277 384 1330 scri
424 1279 491 1330 tis
517 1276 581 1330 de
604 1275 869 1330 laboribus
897 1276 1121 1330 aliorum
1141 1275 1224 1330 vel
1253 1275 1362 1346 pla-

41 1385 52 1396 .
81 1362 149 1400 ne
173 1344 389 1399 nihilve
430 1361 587 1412 quam
607 1345 870 1399 mitiffime
892 1344 1117 1413 judicet,
1151 1357 1264 1399 tum
1276 1363 1364 1399 ve-

81 1432 142 1468 ro
163 1431 400 1485 magnam
431 1414 574 1468 suam
609 1413 959 1468 eruditionem
991 1416 1047 1467 in
1080 1413 1362 1468 retunden-

0 1528 1 1536 ,
81 1484 164 1537 dis
209 1483 470 1537 erroribus
518 1482 869 1551 Theologicis
907 1500 1015 1537 non
1059 1476 1359 1545 collocarit5

78 1552 224 1620 quod
247 1564 524 1620 utrumque
547 1553 715 1605 nimio
739 1551 910 1605 studio
935 1552 1217 1606 amicitiam
1249 1569 1362 1622 gra-

79 1623 308 1689 tiamque
351 1622 593 1675 omnium
639 1620 913 1674 obtinendi
970 1621 1221 1674 tribuunt.
1295 1624 1361 1674 Et

76 1691 298 1760 contigit
318 1690 434 1744 sime
454 1688 533 1743 illi
554 1689 660 1759 hoc
680 1689 830 1758 plane
854 1687 1248 1761 fingulareinter
1261 1689 1360 1743 do-

78 1757 220 1826 dios,
261 1770 318 1811 ut
340 1757 466 1813 ficut
487 1775 578 1828 per
608 1756 898 1812 dod'trinam
932 1757 1182 1829 infignem
1211 1760 1360 1829 supra

75 1825 508 1882 obtredhitionem
540 1824 733 1897 pofit‘us
769 1826 890 1880 esset
909 1870 925 1896 ‚
972 1830 1042 1882 ita
1074 1830 1166 1882 vix
1194 1845 1358 1896 quen-

78 1913 234 1964 quam
262 1895 364 1951 ulla
386 1909 525 1968 parte
547 1897 824 1949 inimicum
852 1895 1083 1962 haberet.
1155 1896 1255 1950 Sed
1285 1909 1359 1950 ta-

71 1981 194 2019 men
217 1964 267 2018 &
292 1982 384 2019 eos
405 1966 543 2035 ipsos
563 1962 654 2019 fibi
675 1982 781 2019 non
811 1962 1040 2020 infensos
1054 1965 1267 2033 habuit,
1300 1967 1359 2019 in

74 2032 268 2102 quibus
289 2033 372 2090 vel
391 2033 602 2108 publice
621 2033 703 2088 vel
723 2035 963 2155 priivatim
986 2051 1183 2090 errores
1208 2045 1358 2088 nota-

141 2118 144 2122 ’
845 2123 867 2168 3
1198 2114 1356 2172 verat,

199 2231 365 2284 gitetur,
399 2243 483 2270 cum
501 2228 659 2270 homines
665 2227 805 2283 fimus,
836 2225 887 2278 dy
904 2226 1128 2283 scriptorem
1153 2228 1355 2281 antiquum

198 2285 368 2326 Graecum
382 2315 392 2334 ,
427 2297 579 2340 eumque
592 2285 747 2326 Poetam
774 2281 825 2333 β]
841 2283 1071 2338 Astrologum
1097 2293 1210 2323 antea
1236 2283 1353 2322 inedi-

201 2351 295 2388 tum,
314 2342 355 2381 in
375 2341 491 2380 lucem
504 2339 677 2394 prqferre
691 2339 858 2380 omnibus
876 2338 1277 2402 abfhlutumggumeris,
1295 2351 1354 2378 res

203 2395 507 2451 dtfficillimafit‚
537 2407 653 2450 neque
667 2397 735 2438 ulli
753 2394 926 2438 habimus
942 2392 1173 2451 quodfiusm
1190 2395 1351 2450 contige-

205 2454 261 2494 rit
276 2452 501 2495 mortalium.
