1638 2678
228 125 366 179 MSS.
385 124 497 179 ‘AD
529 123 729 179 ALIOS
760 123 1200 176 TRANSMISSA.
1287 141 1348 190 57

75 267 111 325 †
145 266 299 331 l’aneg
299 264 438 331 yrici-
448 265 656 319 Veteres,
670 263 882 316 Serenus
900 264 1279 319 Sammonicus,
1295 262 1346 315 ὅ(

142 330 420 398 juvenalis,
434 325 495 384 ad
506 333 574 394 Jo
602 330 914 385 Burcardum
946 330 1287 383 Menckenium.

79 402 256 455 Aretaei
276 402 430 454 Varia:
452 397 727 453 Lecstioncs
750 398 812 453 ad
832 403 913 463 Jo,
947 401 1206 467 Wiganum.

79 470 254 520 Avieni
275 466 578 523 Fabularum
600 469 757 521 Variae
782 465 1056 522 Lestioncs
1090 467 1153 522 ad
1181 470 1340 521 Henr.

142 538 484 603 Cangieterum.

78 606 311 658 Ciceronis
330 604 633 658 Tusculanae
649 622 770 659 cum
782 608 884 660 MS.
900 605 1044 659 Paris.
1057 607 1219 676 Regio
1231 601 1341 658 col-

147 671 251 725 latae
290 672 353 726 ad
372 677 449 737 Jo:
470 675 732 736 Davifium.

78 744 113 802 †
146 714 430 808 Antkologiae
443 744 534 811 Epi
538 753 876 812 grammatum
891 745 1182 795 Graecorum
1199 743 1343 794 MSta

144 807 253 862 duo
273 822 469 876 vetera,
493 811 541 863 ἀ
580 823 707 864 notae
741 809 940 864 ineditae
973 813 1215 874 Virorum
1247 807 1343 862 do-

146 875 368 938 ἐὶοταιιι,
394 878 455 932 ad
467 882 567 941 Jac.
580 878 709 932 Phil.
727 881 1063 931 D'Orvillium.
1105 909 1117 920 ·

79 948 112 1007 †
154 947 359 999 Vitruvii
379 946 654 1001 Ledliones
683 966 757 1003 ex
781 951 886 1000 MS.
908 948 1140 1018 probato,
1164 944 1226 999 ad
1259 946 1343 1009 Jo.

147 1014 388 1074 Polenum,
411 1018 688 1069 Patavium.
778 1017 789 1035 ⁶

78 1085 205 1142 †*1n
233 1083 507 1152 lle-[ychium
542 1097 670 1146 notae
703 1088 782 1148 Jo.
806 1085 913 1137 Viti
945 1083 1161 1153 Pergeri,
1183 1080 1245 1134 ad
1265 1083 1346 1143 JO.

146 1149 356 1211 Alba-ti,
385 1148 709 1205 Ecclefiasteu
747 1150 1130 1205 Harlemensem
1153 1192 1168 1216 ‚
1221 1164 1348 1215 quas

150 1220 452 1290 propediem
484 1237 605 1273 cum
647 1220 759 1290 ipso
797 1220 1061 1288 Hesychio
1093 1217 1348 1288 exspeela-

149 1303 283 1342 mus.

82 1350 310 1419 Gloffizria
330 1358 437 1410 duo
461 1359 614 1425 graeca
647 1355 863 1419 inedita,
898 1354 1078 1425 Cyrilli
1114 1353 1350 1420 alterum,

145 1420 360 1478 alterum
406 1429 460 1477 in
506 1428 718 1478 Novum
753 1421 923 1477 foedus
970 1425 1260 1493 Anonymi,
1296 1422 1350 1473 it.

147 1492 325 1548 Gloss'ae
351 1494 591 1559 nomicae,
626 1491 690 1545 ad
709 1492 931 1547 eundem
952 1495 1032 1556 Jo.
1049 1492 1243 1543 Alberti-

80 1561 313 1613 Antonini
335 1562 652 1618 Itinerari-um
678 1578 800 1614 cum
822 1564 962 1614 MSS.
995 1559 1262 1627 collatum,
1285 1555 1350 1611 ad

151 1632 276 1683 Petr.
306 1628 656 1696 Weffelingium.
878 1647 879 1650 ¹
914 1633 918 1637 ’

84 1696 328 1763 Geoponici
351 1698 399 1751 ἃ
431 1699 642 1764 Vegetius
665 1695 729 1750 de
755 1707 856 1748 arte
881 1697 1191 1753 Veterinaria
1228 1713 1350 1750 cum

149 1769 286 1821 MSS.
307 1765 478 1822 collati
501 1766 563 1820 ad
583 1769 665 1829 J0.
687 1761 870 1818 Matth.
886 1763 1154 1831 Gesnerum.

656 1928 668 1941 .
738 1908 817 1955 24.

153 1970 231 2022 Ex
274 1979 494 2036 utroque
540 1890 740 2031 Ind§ice,
775 1967 825 2019 ὅ(
859 1965 1160 2037 scriptorum
1197 1963 1349 2035 ipfius
1370 1998 1516 2032 pm„

81 2037 316 2104 Fabricii,
352 2036 675 2091 &Codicum
687 2039 926 2088 Veterum
942 2054 1060 2088 cum
1078 2035 1191 2088 aliis
1205 2053 1350 2087 com·
1369 2050 1426 2086 ad
1442 2051 1514 2097 ju-

81 2108 493 2172 municatorum,
531 2121 818 2172 quanquam
855 2101 1201 2173 perfunclorie
1234 2103 1348 2155 satis
1369 2107 1520 2143 ‘vando‘

8 2227 10 2233 ,
83 2171 397 2243 compofit0,
433 2191 589 2227 nemo
612 2190 718 2225 non
750 2173 978 2241 agnoscit
1007 2190 1127 2224 cum
1149 2170 1351 2239 amplis·
1371 2162 1481 2201 “¹⁰‘’

8 2256 23 2284 ’-
81 2240 256 2295 fimam
279 2244 390 2294 Viri
415 2241 731 2307 docuinam,
762 2239 1052 2294 incredibili
1085 2239 1352 2310 diligentia

81 2309 352 2375 &judicio
385 2327 442 2363 ac
473 2308 661 2364 selec'tu
695 2308 1002 2378 expressam,
1033 2320 1147 2361 tum
1178 2320 1354 2377 paten-

25 2378 31 2383 ’
82 2388 188 2432 tem
226 2379 471 2432 omnibus
503 2378 657 2451 bonis
691 2377 1074 2445 liberalitatem,
1110 2393 1208 2446 qua
1244 2393 1353 2428 non

752 2449 802 2499 D
838 2467 858 2510 5
1235 2461 1351 2497 mo·
