1638 2678
274 166 332 223 58
409 145 590 210 FABR.
628 152 944 208 ERVD1T1S
975 154 1374 211 OFflclosvs.

269 290 434 350 modo
456 293 698 345 Veterum
710 303 1059 359 monumenta,
1079 291 1215 344 haud
1229 310 1371 361 aegre,
1382 291 1435 345 ἀ
1447 294 1527 346 sae-

266 380 334 435 pe
347 379 452 415 non
473 373 698 427 rogatus,
718 361 1022 429 impertivit,
1054 358 1141 412 sed
1162 361 1212 413 ὅ(
1231 359 1342 414 ssias
1365 360 1428 412 ad
1448 376 1526 414 ea·

266 433 389 486 dem
421 428 800 483 lucubrationes
831 445 936 481 non
969 427 1179 494 invidit,
1221 426 1379 482 ficubi
1411 428 1521 496 spes

267 512 374 553 erat
404 501 472 551 ita
503 498 645 550 bono
677 495 890 566 publico
917 494 1000 549 vel
1031 498 1184 549 citius
1220 496 1301 550 vel
1333 495 1519 550 melius

266 566 560 622 consultum
588 566 664 617 iri.
744 569 876 618 Nam
906 576 962 616 ut
991 566 1008 616 i
1047 562 1080 617 fi
1111 581 1373 631 nunquam
1404 564 1521 617 dee-

264 648 402 701 tant,
433 652 542 700 quae
562 644 753 702 ageret,
787 651 893 686 non
912 630 1007 684 faci
1031 650 1058 683 e
1080 649 1106 684 a
1128 649 1387 699 quoquam
1399 650 1520 701 prae-

263 702 511 771 timenda,
528 704 595 754 ita
619 699 887 770 indignum
911 700 1111 769 prorsus
1146 702 1326 770 apertis
1347 702 1521 753 Musa-

262 788 380 823 rum
410 771 574 836 januis
602 768 929 822 arbitrabatur
947 767 1071 833 effe,
1106 767 1170 819 ad
1200 767 1418 820 aliorum
1449 767 1520 820 la-

260 837 414 893 bores
439 855 544 889 non
562 834 794 890 conferre
814 854 965 905 quam
979 834 1138 904 poffet
1149 834 1447 903 symbolam,
1468 835 1520 889 ὅτ

258 907 578 960 incremento
601 904 861 957 literarum
892 921 1200 971 quocunque
1232 902 1381 971 padio
1410 921 1518 957 non

257 974 510 1027 iniervire.
578 972 740 1049 Qod
770 972 939 1042 ipsum·
966 984 1022 1023 ut
1053 971 1276 1024 debitam
1299 969 1388 1040 ipfi
1409 970 1516 1024 lau-

259 1041 380 1106 dem
401 1040 706 1094 eruditionis
730 1057 834 1093 non
860 1042 1122 1091 imminuit
1151 1038 1238 1091 sed
1256 1041 1425 1104 auxit,
1446 1041 1516 1091 ita

255 1107 375 1162 satis
407 1108 635 1176 testatur,
669 1125 822 1175 quam
850 1107 1031 1160 lubens
1061 1106 1110 1159 ἃ
1140 1118 1373 1173 promtus
1409 1107 1516 1175 ipse

253 1173 413 1232 fuerit
455 1175 626 1229 alienae
669 1175 834 1228 laudis
882 1186 1173 1242 promotor,
1215 1174 1296 1226 vel
1337 1177 1513 1242 potius
1580 1221 1586 1227 .
1620 1163 1622 1165 ’

252 1260 410 1311 quam
444 1243 689 1310 candide,
726 1243 776 1295 ἃ
803 1241 902 1295 fine
932 1244 1109 1310 privati
1140 1241 1408 1295 commodi
1440 1259 1517 1295 ra-

252 1315 399 1364 tione
430 1328 764 1363 communem
799 1311 1077 1372 utilitatem·
1106 1309 1392 1362 sestandam
1420 1308 1514 1363 fibi
1604 1349 1610 1377 η,

248 1379 474 1432 duxerit.
543 1381 722 1445 quue
741 1376 934 1430 fac‘tum
956 1377 1051 1442 est,
1088 1389 1144 1429 ut
1166 1381 1371 1430 Veteres
1385 1379 1513 1430 Scri-

251 1459 425 1517 ptores
451 1446 728 1514 plurimos,
762 1444 952 1512 quibus
978 1444 1188 1497 edendis
1221 1447 1237 1496 i
1277 1444 1372 1497 fius
1407 1448 1512 1498 vita

252 1532 361 1569 non
383 1514 689 1580 sufficiebat,
724 1511 1031 1578 exejusdem
1044 1510 1224 1579 quafio
1282 1515 1512 1578 cina‚Vi-

253 1599 432 1635 rorum
458 1580 879 1643 Docii'ffimorum
893 1597 1042 1648 opera
1054 1579 1312 1648 expolitos
1328 1580 1512 1634 habea-

252 1666 385 1702 mus.
452 1649 615 1726 Qod
627 1646 936 1716 exemplum,
949 1647 1086 1700 haud
1098 1649 1392 1714 scio,annon
1404 1666 1511 1702 me-

250 1716 355 1770 lius
376 1714 508 1769 forte
528 1715 631 1769 alio
653 1715 762 1768 ullo
781 1715 842 1767 ad
864 1715 1122 1767 sanitatem
1145 1733 1379 1768 revocare
1391 1717 1509 1784 pos-

248 1782 310 1839 fit
331 1801 449 1850 θος,
483 1787 572 1851 qui
594 1785 819 1836 tenacius
843 1783 943 1835 suis
963 1782 1507 1852 thesaurisinfidenteS‚

249 1851 302 1904 ἃ
326 1852 632 1918 Reipublicae
658 1852 881 1904 literariae
902 1850 1193 1903 commodis
1215 1851 1265 1904 ἃ
1287 1852 1382 1904 suae
1400 1855 1508 1904 exi·
1587 1882 1589 1884 ·

246 1919 525 1973 stimationi
547 1919 840 1984 detrahunt,
876 1917 1022 1985 quod*
1041 1918 1269 1986 gloriola:
1288 1920 1508 1984 adjicere

247 1986 436 2040 nolunt
457 1986 640 2039 alienae.
709 1986 850 2061 Qid
872 2003 1022 2043 vero,
1057 1984 1092 2039 fi
1113 1985 1288 2039 liceret
1306 1987 1410 2039 hoc
1430 1986 1507 2040 lo-

247 2071 319 2108 co
339 2071 610 2123 exponere,
630 2069 757 2122 quot
779 2056 872 2107 alia
897 2053 1155 2107 Fabricius
1186 2053 1446 2107 observata
1477 2071 1507 2107 a

245 2122 326 2190 se,
361 2122 704 2189 flagitantibus
726 2120 1050 2176 concefferit?
1082 2138 1188 2174 non
1213 2120 1507 2189 differtatio-

246 2206 341 2242 nes
367 2189 453 2242 sed
474 2189 631 2243 libros
664 2193 719 2243 in
750 2191 968 2244 aliorum
1002 2189 1121 2241 usus
1146 2187 1209 2241 ab
1239 2189 1351 2258 ipso
1381 2206 1507 2242 con-

243 2256 459 2325 scriptos
481 2257 691 2312 diceres.
759 2257 907 2312 Adeo
928 2274 1032 2311 non
1061 2254 1227 2310 facilis
1261 2269 1365 2309 erat
1395 2268 1505 2309 tan-

243 2335 358 2377 tum
378 2327 431 2377 in
455 2323 676 2379 confiliis
701 2325 944 2392 librisque
971 2324 1078 2382 ‚suis
1108 2324 1503 2394 suppeditandis,

246 2392 297 2445 ὅτ
329 2394 386 2446 in
417 2396 704 2452 Amen-icam
735 2393 864 2448 adeo
874 2434 890 2461 ,
919 2392 1255 2460 ultimamque
1287 2392 1505 2445 Thulen

1343 2472 1504 2514 trans-

1615 321 1638 904 ζ’

1620 944 1632 1159 3
