1638 2678
306 135 369 187 50
473 121 652 174 FABR.
686 122 892 175 LIBRIS
922 123 1382 180 IMMORTALIS.

305 258 542 310 cietatem
561 259 812 324 inierunt,
840 255 984 324 quod
1006 254 1084 308 illi
1110 274 1344 322 magnam
1377 270 1571 326 partem

304 342 478 377 rerum
501 324 629 377 bene
650 324 897 393 gestarum
920 321 1158 385 fortunae,
1192 325 1296 377 hoc
1318 324 1387 378 est
1404 327 1468 378 iis
1486 343 1568 379 ca·

304 390 466 459 libus,
502 409 634 459 quos
658 410 752 445 nec
774 391 1059 461 prospicere
1084 410 1176 445 nec
1205 410 1377 461 regere
1407 391 1568 445 confi-

301 458 380 514 lio
402 459 688 527 poffumu8‚
724 460 965 519 debeant3
999 459 1057 510 hi
1077 471 1247 512 autem
1277 459 1383 513 fere
1405 460 1466 513 ab
1491 463 1567 512 in-

300 531 484 597 geni0,
527 541 656 594 arte,
701 529 918 585 virtute,
938 525 1227 595 diligentia,
1259 546 1368 594 quae
1402 530 1565 596 magis

300 598 419 650 sunt
449 597 503 647 in
536 595 688 649 nobis
722 594 902 663 pofita,
947 595 1225 664 praefidium
1257 613 1413 648 omne
1447 613 1567 648 nan·

301 664 575 717 ciscantur:
613 663 756 730 quod
778 662 854 715 illi
874 665 1057 716 deeora
1080 662 1203 716 belli
1221 663 1480 731 pacisque,
1509 667 1566 718 in

297 731 489 799 quibus
514 729 771 797 adjutores
795 731 927 784 bene
948 730 1142 783 multos
1161 730 1472 797 habuerunt,
1503 730 1564 786 fi-

298 798 357 852 bi
389 799 510 851 solis
541 798 828 865 vuindicent3
859 799 917 850 hi
946 796 1036 851 nifi
1067 817 1131 850 ex
1162 798 1265 851 suis
1298 798 1562 853 laboribus

297 866 517 920 solidam
571 864 664 920 fibi
723 866 956 936 polliceri
1048 866 1228 918 loriam
1284 880 1561 931 nequeant:

337 934 444 987 uod
464 934 569 986 illis
591 934 811 1001 denique
834 933 973 986 haud
1016 933 1142 987 acile
1164 934 1337 986 datum
1362 933 1419 988 fit
1441 952 1560 1004 pro-

297 953 430 1055 {iesse
450 1000 539 1056 nifi
564 1004 653 1054 uni
674 1003 840 1071 patriae
860 1002 982 1068 suae,
1013 1002 1169 1068 idque
1200 1003 1321 1070 sirpe
1343 1019 1560 1059 numero

296 1087 405 1123 non
427 1069 528 1122 fine
552 1068 836 1122 multorum
857 1071 1204 1122 internecione
1235 1070 1284 1122 ἃ
1307 1070 1560 1123 calamita-

294 1149 380 1202 τες
414 1137 470 1189 hi
492 1135 527 1190 fi
547 1135 732 1203 velint,
764 1135 912 1189 utiles
932 1136 1028 1190 effe
1058 1134 1299 1190 univerfis
1329 1137 1560 1190 homini·
1636 1137 1638 1148 ⁴

296 1205 397 1258 bus
421 1207 544 1258 citra
563 1201 796 1258 fraudem
822 1205 1121 1272 cujusquam
1152 1205 1352 1274 poffint.
1420 1208 1562 1281 Qa-

295 1291 352 1326 re
373 1272 493 1324 licet
513 1272 770 1324 Fabricius
794 1273 960 1325 noster
979 1271 1155 1325 abillo
1176 1272 1441 1341 splendore
1472 1273 1561 1326 ad-

293 1340 628 1395 ministrandae
641 1341 947 1408 Reipublicae
959 1338 1177 1393 abfuerit
1196 1339 1444 1407 multum,
1465 1359 1561 1393 nec
1629 1389 1630 1396 ,

293 1408 375 1461 illi
397 1425 604 1478 operam
624 1407 876 1460 addixerit
897 1408 1038 1460 suam
1059 1407 1138 1460 vel
1169 1410 1223 1460 in
1246 1408 1558 1475 providenda
1626 1422 1629 1445 ·’

293 1493 349 1529 re
379 1474 707 1528 frumentaria
730 1518 745 1540 ‚
790 1474 871 1528 vel
903 1478 958 1527 in
994 1478 1319 1528 commerciis
1352 1493 1558 1545 promo-

292 1543 503 1610 vendiS,
533 1543 616 1596 vel
638 1545 693 1598 in
715 1541 1057 1608 dijudicandis
1078 1542 1285 1609 litibus,
1316 1542 1396 1594 vel
1420 1546 1474 1595 in
1497 1543 1556 1596 li-

292 1611 487 1664 bertate
520 1610 735 1677 tuenda,
769 1610 864 1663 vel-
883 1613 938 1662 in
971 1611 1319 1679 opprimendis
1347 1611 1555 1663 seditio-

292 1679 422 1746 buS,
459 1678 543 1732 vel
564 1681 619 1731 in
649 1678 954 1747 depellendo
983 1678 1275 1744 hoste,·aut
1303 1682 1557 1731 exteriore

291 1747 544 1816 religione
564 1746 902 1808 conservanda
916 1789 931 1813 ‚
966 1763 1074 1813 quae
1092 1749 1313 1798 maxima
1337 1750 1556 1799 omnino

294 1815 346 1868 ἀ
368 1814 595 1882 praeclara
620 1814 735 1866 sunt
766 1814 1087 1867 summorum
1117 1816 1358 1866 Virorum
1391 1815 1443 1865 in
1474 1814 1556 1866 so-

292 1884 531 1935 cietatem
552 1881 759 1934 civilem
779 1885 985 1940 merita;
1019 1893 1188 1934 tamen
1210 1880 1342 1933 hanc
1364 1881 1471 1933 scio
1494 1880 1556 1933 il-

291 1950 333 2003 li
354 1949 559 2002 laudem
582 1967 737 2002 nemo
761 1967 854 2002 nec
886 1949 1134 2015 invideat,
1166 1966 1259 2000 nec
1290 1946 1323 2000 fi
1356 1949 1556 2001 invide·
1600 1952 1601 1962 ³

291 2019 359 2071 rit
389 2020 596 2087 eripiat,
631 2017 772 2083 quod
801 2016 1071 2070 excellenti
1101 2018 1276 2085 igenio
1303 2015 1353 2068 ἃ
1391 2017 1556 2069 incre·

293 2084 445 2139 dibili
467 2085 728 2152 diligentia
753 2085 1021 2151 studioque
1042 2089 1138 2136 toti
1151 2083 1381 2136 humano
1402 2102 1555 2152 gene·
1616 2095 1638 2139 ἐ

292 2156 339 2206 ri
389 2150 489 2207 fine
541 2153 845 2219 cujusquam
898 2150 1092 2204 laefione
1159 2149 1410 2218 profuerit
1466 2167 1556 2220 per

292 2237 504 2274 omnem
526 2222 685 2273 vitam
721 2223 786 2273 iis
811 2219 1070 2285 subfich'is,
1111 2237 1220 2286 quae
1251 2217 1315 2271 ad
1344 2218 1556 2274 alendos

289 2288 670 2357 pascendosque¹
689 2291 917 2356 animos,
948 2286 1011 2340 ad
1041 2289 1241 2339 inventa
1272 2288 1434 2339 totius
1469 2304 1558 2340 an·
1614 2299 1619 2338 ι

291 2358 541 2424 tiquitatis
572 2373 695 2416 cum
723 2355 966 2409 omnibus
997 2354 1450 2421 communicanda,
1492 2354 1557 2434 ad
1615 2356 1618 2407 ζ

1448 2439 1556 2476 veri
