1638 2678
281 136 342 190 88
441 128 729 186 FAERICII
763 133 1002 188 PIETAS
1034 136 1107 188 IN
1140 136 1354 192 DEVM.

277 273 410 332 neri,
430 274 662 337 Scriveri‚
694 273 947 332 Waltheri,
980 275 1227 343 aliorum,
1269 289 1386 330 tum*
1413 276 1537 331 letti

138 360 163 365 0
228 341 488 407 --‘·-quidam
511 339 594 395 alii
617 341 680 395 ad
703 343 1088 412 pietatispraxin
1114 344 1410 413 spedianteS,
1430 365 1479 397 v.
1529 389 1538 399 .

141 413 183 436 Ψ
233 411 424 462 ···Henr.
474 413 665 462 Mulleri
712 411 1036 476 Himmltscher
1079 414 1267 463 Liebes·
1301 416 1450 479 Kuss,
1487 364 1539 467 ξι

274 479 484 530 Scriveri
512 480 699 530 Seelen-
730 479 902 531 Schatz
920 522 936 547 ,
975 497 1087 547 quo
1117 481 1374 549 postremo
1403 481 1538 535 libro

272 547 490 601 mirifice
513 548 563 600 se
588 546 828 600 affefium
849 544 994 600 fuiffe
1016 549 1296 603 identidem
1319 550 1539 604 testatur.

273 619 401 688 Quat
437 615 651 684 quidem
686 633 751 668 eo
781 615 1041 670 lubentius
1075 618 1351 687 proposui,
1396 617 1540 686 quod

273 684 516 753 exemplo
538 681 634 737 effe
662 683 848 752 poffint
864 684 1147 753 juventuti,
1181 686 1449 756 praesertim
1479 686 1541 739 il-

273 751 338 819 li,
374 770 486 819 quae
508 752 818 821 Theologiae
840 769 1045 823 operam
1069 767 1242 821 navat,
1280 767 1336 807 ut
1363 755 1414 808 ἃ
1438 755 1540 823 ipsa

273 823 545 888 quorsum,
580 832 668 873 aut
687 822 878 888 quibus
901 824 996 875 viis
1011 821 1210 889 tendat,
1242 835 1440 876 mature
1452 840 1539 876 co·

271 891 412 1010 gret.
485 892 610 942 Haec
641 905 792 956 ver0,
825 907 979 956 quam
1015 907 1041 942 a
1078 908 1240 960 puero
1268 892 1542 944 imbiberat

324 959 452 1009 ivini
486 959 716 1010 numinis
748 960 1022 1012 reverentia
1044 1001 1060 1026 ,
1101 960 1169 1012 ita
1203 963 1404 1028 penitus
1438 962 1540 1012 ani-

270 1042 363 1077 mo
387 1024 543 1078 infixa
568 1041 658 1093 per
678 1041 888 1084 omnem
913 1029 1070 1080 vitam
1096 1027 1306 1092 insedit,
1340 1040 1397 1080 ut
1417 1045 1541 1080 non-

271 1091 440 1146 solum
462 1104 663 1145 caveret
683 1092 930 1161 studiose,
966 1112 1029 1147 ne
1063 1098 1341 1162 quicquam
1376 1095 1539 1149 sciens

271 1159 508 1214 adversus
539 1162 638 1213 Dei
673 1160 988 1216 voluntatem
1019 1162 1333 1229 admitteret,
1368 1163 1453 1217 sed
1489 1163 1542 1217 ὅτ

272 1228 546 1294 quomodo
569 1228 764 1298 placere
791 1233 904 1282 Deo
929 1231 980 1283 δι
1000 1232 1055 1283 in
1077 1233 1189 1297 ejus
1214 1249 1389 1285 amore
1423 1249 1543 1301 pro·

273 1296 426 1350 ficere
452 1295 636 1363 poffet,
670 1297 916 1351 omnibus
946 1299 1142 1351 viribus
1175 1303 1547 1353 conniteretun

277 1367 548 1418 Sermones
569 1365 680 1429 ejus
703 1365 991 1432 quotidiani
1015 1366 1064 1419 ἃ
1099 1364 1373 1420 familiares
1407 1368 1537 1421 indi-

280 1432 462 1485 cabant
485 1434 747 1502 inprimiS,
782 1451 934 1501 quam
966 1432 1220 1502 frequenti
1256 1436 1543 1490 meditatio-

280 1516 344 1553 ne
356 1499 418 1553 ad
442 1500 695 1554 infinitam
719 1504 817 1553 Dei
838 1506 1136 1570 potentiam,
1157 1503 1542 1572 benignitatem,

275 1568 599 1637 sapientiam,
637 1586 759 1622 cum
785 1571 838 1622 in
862 1570 1309 1638 opificio-mundi,
1333 1585 1447 1625 tum
1486 1575 1541 1625 in

273 1638 385 1703 ejus
398 1637 768 1706 gubernatione
780 1680 796 1704 ‚
829 1650 980 1705 atque
994 1641 1045 1690 in
1058 1638 1272 1693 confilio
1286 1642 1540 1694 redimen-

274 1704 327 1757 di
350 1709 550 1773 generis
574 1705 786 1758 humani
814 1707 1106 1760 attenderet.
1183 1708 1337 1763 Unde
1358 1721 1542 1778 magna
1574 1705 1604 1781 J

271 1771 382 1835 illa,
415 1773 623 1841 praesens
637 1789 694 1826 ac
706 1776 820 1827 viva
844 1778 993 1829 notio
1011 1787 1155 1833 tantae
1176 1777 1463 1844 majestatis,
1485 1779 1541 1830 in

272 1843 420 1896 omni
441 1859 493 1898 re
513 1840 807 1910 perferenda
836 1843 885 1896 δι
906 1844 1095 1914 agenda
1123 1844 1293 1897 lucem
1310 1845 1543 1913 praetulit,

273 1909 555 1976 eademque
575 1909 804 1977 regulam
829 1912 1539 1982 suppeditavit&incitamen-

271 1979 398 2031 t‘um.
466 1980 627 2048 Igitur
637 1977 826 2047 fingula
841 1992 950 2048 φιτ
963 1978 1275 2048 accidebant,
1293 1981 1356 2033 ad
1370 1985 1544 2036 Deum
1615 2006 1617 2047 ς

271 2042 457 2099 referre
477 2087 494 2112 ,
537 2045 673 2100 bona
709 2046 850 2100 velut
880 2051 933 2101 in
967 2051 1323 2102 immerentem
1356 2048 1542 2103 collata

270 2113 568 2183 praedicare,
600 2113 816 2182 laetoque
840 2116 890 2169 61
910 2130 1056 2187 grato
1086 2118 1262 2170 animo
1288 2119 1542 2186 excipere,
1613 2158 1616 2188 ς

270 2181 403 2235 mala
428 2180 645 2245 non¹fine
665 2183 847 2238 dolore
888 2189 891 2194 ’
942 2184 1080 2237 idem
1102 2184 1186 2237 sed
1210 2186 1455 2254 patienter
1468 2198 1542 2238 ta-

271 2265 391 2302 men
405 2249 604 2319 &aequa
619 2264 790 2315 mente
814 2252 869 2305 su
914 2255 1068 2318 inere,
1101 2252 1257 2305 dubia
1272 2252 1321 2305 ἃ
1344 2255 1543 2322 pericu-

270 2315 377 2369 losa
401 2334 522 2371 cum
544 2318 629 2389 spe
652 2316 701 2373 ἃ
724 2318 914 2374 fiducia
935 2323 1195 2391 excipere,
1229 2318 1402 2374 futura
1424 2325 1541 2374 Deo
1611 2329 1613 2338 ¹

275 2382 570 2442 ardentibus
590 2387 828 2459 precibus
860 2388 1220 2446 commendare
1249 2388 1303 2443 ἃ
1333 2388 1544 2509 seculrus
1573 2407 1581 2409 ‘
1610 2383 1611 2391 ’

1392 2475 1442 2509 ΓΘ
1467 2475 1543 2507 ΙΠ-
