1638 2678
522 122 900 182 GRAMMIVS.
1247 123 1341 168 261

86 207 1356 236 Μ

69 281 156 317 me
178 277 347 321 autem
368 251 607 318 omnium
628 260 734 314 huc
756 257 970 325 faciunt,
1003 274 1112 326 quae
1124 253 1188 308 ad
1203 272 1247 307 v.
1271 272 1345 317 ¹9·

70 331 185 387 Ast.
202 336 285 387 111.
307 337 380 386 Sc.
404 352 440 384 1·
463 329 639 385 Pseud.
663 338 970 383 annotarunt
987 324 1206 391 eruditi,
1264 340 1348 376 ro-

71 402 186 468 prio
224 399 393 455 studio
423 396 744 462 evolvenda3
797 412 936 448 nunc
965 390 1203 446 indicass'e
1253 408 1350 445 oca

18 522 20 534 s
71 467 304 523 sufficiet.
376 466 606 522 Invenies
629 478 801 520 autem
822 462 894 517 ibi
928 461 978 516 δι
1009 461 1230 515 aliorum
1263 477 1352 514 au-

18 540 19 545 ’
74 535 277 592 {torum
299 535 548 606 suffragia.
563 574 596 604 „
638 531 860 588 Vitemb.
876 530 924 586 d.
940 550 1016 599 24.
1034 533 1346 594 Mart.1691.

458 659 555 723 JO.
591 659 870 713 GRAMMI
874 655 956 708 VS.

18 803 19 829 ÷
141 759 440 827 „Coeterum
459 756 587 811 heu!
621 761 815 828 (patere
840 753 1038 808 summe
1059 754 1176 818 Vir,
1200 750 1348 806 dolo·
1367 760 1539 817 etogium

17 838 19 862 ³
74 844 156 881 res
191 830 400 882 Tecum
437 825 638 880 nostros
672 824 1081 887 communicari)
1115 823 1246 875 vixit
1270 824 1348 873 Co·-
1367 827 1468 859 <vm-

18 899 19 963 j
74 913 173 947 mes
206 895 622 961 Danefthioldius,
655 893 706 949 ἃ
739 895 955 946 unicum
988 892 1122 961 apud
1157 907 1254 943 nos
1286 881 1508 985 li-J'gf'jd

18 964 19 1017 3
73 977 298 1024 terarum,
331 963 409 1018 ele
447 965 707 1017 antiorum
745 960 1027 1031 praefidium
1057 959 1358 1014 crudelitati.
1385 948 1400 971 ⁶
1442 948 1460 971 ⁰
1505 962 1516 973 ’

74 1031 301 1087 fatorum
324 1050 382 1086 ce
424 1045 475 1086 it.
545 1030 744 1098 Nobis,
796 1030 986 1097 quibus
1000 1041 1262 1097 tantopere
1277 1030 1353 1081 vi·
1608 1042 1638 1061 N

78 1118 174 1155 vus
198 1098 400 1155 favebat
410 1144 426 1168 ‚
461 1101 652 1167 quibus
666 1104 998 1152 Maecenatem
1009 1097 1058 1151 se
1069 1115 1249 1150 verum
1262 1115 1355 1149 ex-

18 1188 19 1201 2
77 1168 324 1237 bibebat,
362 1169 490 1237 quid
519 1166 759 1227 reustum
793 1167 999 1233 credes,
1049 1165 1356 1234 quodtanti

76 1237 276 1292 doloris
308 1237 568 1292 acerbitati
598 1235 825 1291 solamen
856 1233 1057 1288 afferat?
1099 1247 1184 1287 aut
1208 1234 1355 1302 quod

18 1338 19 1366 2
77 1309 203 1360 tanti
227 1308 454 1361 nominis
478 1303 792 1370 remedium,
830 1316 887 1356 ut
908 1321 1013 1357 non
1043 1301 1173 1356 infra
1199 1302 1355 1372 plaga:

18 1394 19 1443 j
79 1375 381 1445 dignitatem
402 1373 623 1445 pofitum
642 1372 739 1428 esse
759 1369 1022 1426 videatur?
1059 1377 1228 1439 Atque
1249 1370 1354 1438 ille,

18 1479 19 1490 ι
78 1443 372 1513 vigentibus
398 1445 544 1496 annis
579 1443 718 1509 (jam
754 1444 894 1494 enim
916 1443 1122 1494 XXVII.
1148 1439 1353 1509 agebat)

17 1552 19 1568 ⁴
77 1529 136 1566 ea
158 1514 459 1566 meritorum
483 1511 678 1580 gloria„
698 1511 762 1563 iis
774 1510 1245 1577 animiingeniique
1257 1507 1355 1561 do-

77 1580 248 1648 tibus,
270 1583 348 1634 ·iis
369 1581 592 1648 denique
617 1577 921 1644 virtutibus,
956 1577 1148 1645 quibus
1185 1577 1355 1631 secula

18 1698 19 1720 1
77 1666 262 1703 omnes
285 1649 640 1719 precabamur,
674 1646 877 1702 funesto
898 1645 1206 1700 variolarum
1220 1663 1355 1698 mor-

76 1717 151 1771 bo
171 1716 432 1788 oppreffus
455 1717 540 1771 die
562 1720 769 1771 XXVII.
796 1715 1055 1769 Februarii
1073 1715 1356 1784 exstingui-

78 1798 174 1839 tur.
244 1786 432 1840 Testor
454 1789 688 1847 Numen,
707 1797 858 1853 atque
878 1784 1011 1837 hanc
1031 1784 1252 1838 nostram
1275 1786 1355 1836 in-

33 1852 408 1922 sfelicitatem‚
453 1853 607 1908 talem
640 1871 738 1907 nos
772 1851 979 1907 amifisse
999 1895 1015 1919 ,
1059 1870 1216 1920 quem
1248 1850 1357 1905 col-

79 1922 269 1992 lapsam
303 1922 439 1994 apud
470 1940 567 1976 nos
600 1921 664 1991 (fi
687 1940 793 1990 quae
816 1921 905 1975 hic
939 1938 1166 1989 unquam
1190 1920 1354 1987 stetit)

18 1998 19 2013 ³
79 1991 340 2046 literarum
361 1991 580 2062 gloriam
606 1989 848 2059 exemplo
877 1989 972 2043 suo
994 1988 1045 2042 ὅτ
1064 1991 1354 2058 patrocinio

18 2114 19 2121 ,
77 2060 499 2116 instauraturum,
538 2077 645 2120 non
667 2059 854 2126 dubia,
886 2058 970 2112 sed
1007 2070 1140 2112 certa
1173 2058 1357 2111 admo-

18 2169 19 2199 }
83 2128 210 2182 dum
233 2128 319 2198 spe
342 2128 703 2183 credebamus:
733 2129 940 2195 jamque
960 2144 1068 2180 non
1090 2126 1219 2179 levia
1249 2126 1357 2196 spei

18 2262 19 2272 ἵ
45 2257 55 2266 Χ
80 2197 256 2251 nostrae
280 2197 592 2251 documenta
625 2212 1049 2267 praeceperamus,
1081 2212 1202 2248 cum
1234 2212 1358 2248 ecce

79 2267 422 2320 interveniens
445 2268 782 2320 immaturum
804 2264 854 2317 ἃ
877 2280 1094 2333 pra’ceps
1117 2261 1281 2316 fatum
1296 2262 1359 2316 il·

18 2359 20 2391 ι
78 2332 124 2388 la
147 2336 322 2389 omnia
346 2334 590 2406 praecidit.
611 2376 644 2403 ‚,
709 2335 921 2388 Havniae
946 2334 1179 2387 111.Non.
1193 2331 1356 2402 April.

17 2393 20 2422 Ι
85 2414 227 2470 1728.

729 2471 837 2536 Ra
955 2551 959 2555 .
1214 2467 1362 2533 †Ju-
