1638 2678
339 162 635 218 CONTRA
670 160 1054 214 STVRMIVM.
1230 185 1322 238 ¹45

64 252 1096 271 .....-——.-...-..-----——

60 317 248 371 genere
296 299 543 371 discrepet
584 316 610 353 a
632 301 803 369 priore
848 301 1086 367 nomine,
1132 299 1330 369 semper

62 371 202 423 idem
223 367 500 440 fignificare
521 385 578 423 ac
598 370 795 427 τοιοῦτος
831 367 968 421 unde
999 368 1169 423 sensus
1213 385 1331 423 eva-

64 439 150 491 dat
173 438 284 491 hic:
319 437 418 491 tale
440 437 510 490 est
533 452 720 505 corpus
746 450 949 503 meum,
985 447 1167 506 nempe
1194 439 1330 508 opti-

65 523 182 559 mus
205 507 352 560 cibus
384 507 585 573 animo,
619 502 785 571 qualis
815 504 964 557 cibus
998 508 1226 576 optimus
1260 506 1331 559 est

64 577 208 644 panis
229 576 447 644 corpori.
519 577 669 629 Hanc
693 588 881 626 novam
901 572 950 626 ὅ(
974 574 1334 644 perseptende-

67 644 237 696 decim
259 641 431 696 saecula
457 644 739 696 inauditam
770 644 1239 710 interpretationem
1275 644 1332 697 in

68 729 121 765 re
153 724 256 765 tam
290 713 464 780 gravi,
511 712 769 765 Fabricius
801 708 1031 763 celeriter
1061 712 1335 780 profligan-

70 779 188 833 dam
212 793 345 833 ratus
368 780 463 848 est,
499 798 619 833 cum
642 779 812 833 ubivis
838 778 1084 831 exstarent
1098 780 1334 849 exempla

69 850 126 902 in
148 850 487 916 contrarium,
517 866 625 917 quae
656 865 722 901 ex
751 845 977 918 profanis
1008 865 1148 916 aeque
1182 866 1239 902 ac
1261 848 1346 914 sa÷

71 918 172 970 cris
198 916 527 986 scriptoribus
563 916 836 970 liberaliter
865 916 1164 984 suppeditat.
1234 919 1333 986 lgi-

72 997 156 1038 tur
195 985 382 1039 iisdem
428 985 672 1039 nundinis
722 982 1058 1054 Lipfienfibus
1084 1027 1096 1052 ,
1143 985 1345 1053 quibus,

74 1055 283 1107 Sturmii
317 1051 559 1125 scriptum
591 1053 778 1108 oculos
825 1055 878 1106 in
912 1054 961 1108 se
993 1053 1339 1120 convertebat,

75 1122 176 1189 jam
200 1121 263 1175 ad
283 1121 413 1175 latus
434 1124 544 1189 ejus
566 1122 880 1175 vendebatur
901 1122 1116 1184 Fabricii
1151 1120 1354 1175 refuta·'

75 1192 154 1243 tio
177 1229 192 1252 ,
236 1190 290 1243 id
322 1191 466 1257 quod
497 1193 753 1260 a’gerrime
784 1189 948 1243 tulisse
979 1191 1170 1243 dicitur
1201 1194 1340 1243 Stur-

78 1260 230 1312 mius,
301 1261 475 1329 Qare
488 1276 607 1311 cum
620 1257 933 1312 subitaneam
955 1258 1178 1328 opellam
1194 1265 1343 1327 repo·

77 1325 247 1380 suiffet
268 1326 360 1379 sub
379 1329 456 1379 tit.
483 1329 682 1379 Fernere
701 1323 1018 1393 Ausfiihrung
1039 1327 1133 1389 &Q
1174 1327 1341 1380 Fabri-

82 1397 195 1448 cius
217 1412 337 1447 eum
361 1412 467 1449 non
487 1394 655 1449 solum
677 1394 789 1448 aliis
811 1394 1169 1465 exemplorum
1203 1395 1341 1464 plau·
1411 1408 1415 1412 ’

81 1463 191 1517 stris
226 1462 442 1527 retudit,
479 1463 565 1516 sed
588 1463 639 1516 ἃ
670 1463 1089 1531 exceptiunculas
1119 1465 1230 1530 ejus
1265 1463 1346 1516 di-

85 1530 210 1599 luit,
244 1529 310 1584 fie
339 1542 507 1585 tamen
541 1541 597 1584 ut
625 1530 719 1585 sub
748 1533 954 1584 initium
982 1532 1143 1584 statim
1168 1548 1354 1586 mone-’

84 1611 184 1667 ret,
219 1601 272 1652 in
293 1617 345 1652 re
366 1611 471 1654 tam
492 1612 656 1668 aperta
680 1598 819 1652 nolle
845 1599 894 1652 se
916 1599 1133 1671 amplius
1145 1618 1267 1665 cum
1281 1617 1350 1652 eo

0 1686 2 1699 ·
86 1668 409 1722 contendere.
477 1669 649 1722 Plures
672 1680 843 1722 autem
865 1665 1096 1736 fuerunt,
1118 1670 1208 1736 qui
1223 1685 1349 1721 con-

0 1772 16 1790 ..
88 1748 160 1790 tra
172 1738 450 1790 Sturmium
465 1738 633 1807 postea
647 1737 942 1805 stringerent
952 1736 1223 1804 calamum,
1234 1738 1350 1804 qui-

0 1817 5 1856 t
90 1804 188 1859 bus
234 1806 561 1859 nominandis
607 1804 924 1875 supersedere
968 1803 1193 1874 poffum,
1230 1822 1356 1873 cum

0 1910 7 1925 .
91 1872 214 1928 alibi
235 1871 435 1926 dudum
462 1874 854 1927 commemorati
876 1872 982 1927 fint.
1048 1876 1230 1940 Neque
1253 1876 1355 1926 mi-·

0 1971 6 1982 ·
92 1941 150 1996 hi
163 1941 370 2008 constat,
385 1958 445 1995 an
459 1941 657 2010 aliquos
672 1943 727 1993 in
739 1942 1035 1995 sententiam
1059 1941 1200 1999 suam
1219 1945 1357 1995 Stur-

0 2042 7 2054 ·
94 2012 232 2065 mius
253 2009 545 2068 adduxerit3
570 2027 737 2077 eoque
750 2011 921 2064 minus
946 2027 1120 2081 capere
1139 2010 1357 2080 poffum,

95 2080 187 2147 qui
211 2077 378 2131 homo
411 2077 837 2144 Mathematicus,
873 2077 1019 2144 nullo
1051 2096 1114 2132 ne
1145 2078 1360 2147 quidem

1 2177 11 2188 -
95 2146 197 2201 levi
221 2145 419 2199 indicio
443 2149 613 2213 nixuS‚
648 2147 845 2215 opinari
861 2149 1118 2216 potuerit,
1154 2159 1361 2200 motum

0 2245 14 2271 ¹.-
82 2213 197 2283 effe
229 2213 517 2275 Fabricium
550 2216 860 2284 argumentis
891 2215 1025 2283 suis,
1060 2232 1118 2268 ac
1151 2212 1361 2282 epistola
1415 2230 1417 2232 ·

0 2299 15 2353 t,
67 2331 71 2338 ,
98 2282 334 2354 fingulari
355 2300 477 2336 eum
498 2282 692 2337 hortari
713 2293 770 2335 ut
790 2282 996 2352 publice
1029 2300 1208 2335 verum
1237 2298 1363 2335 con·

0 2375 16 2405 ι·
60 2349 83 2418 [2
101 2351 313 2405 fiteatur.
381 2351 642 2405 Fabricius
663 2363 797 2404 certe
817 2353 867 2405 ei
890 2351 1107 2421 epistolae
1125 2351 1232 2404 haec
1249 2349 1365 2403 sub-

0 2434 31 2477 ltv
102 2419 310 2492 scripfit:
346 2420 505 2489 Inepte
520 2419 606 2484 fibi
619 2419 870 2542 pesseaiagt
894 2420 1151 2478 Sturmius,
1180 2415 1229 2489 [ἑ
1250 2418 1367 2470 mihi

1250 2486 1366 2556 fin.
