1638 2678
325 132 803 195 ΒιΒιιοτΗΕσΑ·
832 133 1124 188 GRAECA.
1263 135 1362 196 ἠς

95 226 1356 247 .-.....--......-...--.--.-.--.-

88 272 263 328 Libris
302 269 553 341 recenset,
597 266 664 323 fic
693 281 752 323 ut
782 271 938 325 etiam
969 263 1358 340 de'perditorum

2 382 3 389 κ
89 340 338 401 habeatur
370 341 515 408 ratio,
585 339 782 392 Eorum
812 355 936 394 vero
980 340 1233 412 praecipue
1266 337 1359 405 qui

86 408 379 480 supersunt,
402 420 540 475 atas,
559 408 660 462 vita
675 450 689 475 ,
711 404 971 475 dostrina,
995 408 1191 476 scripta,
1213 422 1360 460 eom-

86 489 400 534 mentatores
422 472 472 531 ἀ
496 473 771 529 scholiastae
786 518 801 545 ,
836 475 1062 531 Codices
1086 479 1226 530 MSS.
1250 472 1361 528 edi-

85 547 288 614 tiones,
323 542 571 616 stupendo
591 542 765 598 labore
798 557 1030 600 accurate
1066 544 1116 599 &
1152 545 1359 598 summo

87 631 211 669 cum
240 612 438 682 judicio
469 612 838 667 describuntur.
926 612 1094 668 Multa
1130 612 1358 667 inserun-

84 693 171 736 tur
189 682 367 753 scripta
393 681 564 736 adhuc
587 680 669 734 vel
689 681 909 750 inedita,
945 679 1026 735 vel
1047 683 1249 743 rariora,
1272 678 1356 734 vel

86 763 223 805 certe
235 769 371 816 nunc
385 750 698 821 castigatiora
712 750 762 804 ἃ
785 754 924 804 notis
949 750 1189 804 illustrata
1205 770 1216 803 :
1250 748 1358 802 Ob·

81 819 391 874 servationes
424 824 653 889 praete'rea
691 817 988 873 dostiffimae
1020 818 1084 873 ad
1126 816 1358 873 Philolo-

121 890 239 956 iam,
271 889 515 956 Criticen,
550 887 848 956 Historiam,
861 889 1222 955 Antiquitates,
1237 885 1356 939 Phi-

107 956 376 1027 osophiam
399 956 448 1010 ἀ
470 973 626 1010 omne
656 974 820 1026 genus
854 959 1041 1010 artium
1072 954 1354 1025 speeiantes

79 1040 192 1079 non
215 1042 360 1094 parca
384 1041 540 1079 manu
553 1042 615 1095 ap
652 1026 922 1079 enduntur·
992 1024 1167 1078 Habes
1180 1023 1268 1082 hic
1281 1035 1355 1077 et-

79 1093 188 1148 iam
211 1094 489 1163 Catalogos
520 1093 612 1147 Phi
637 1093 959 1162 osophorum
987 1110 1147 1164 prope
1182 1093 1354 1159 cujus-

78 1163 160 1213 vis
195 1160 367 1229 see'iae,
407 1160 862 1241 Legumlatorum,
898 1165 1171 1216 Poetarum
1203 1163 1354 1225 Lyri-

81 1245 294 1297 corum,
337 1232 711 1299 Tragmorum,
744 1230 1113 1296 Comicorum,
1147 1229 1355 1283 Mathe-

79 1299 419 1364 matieorum,
449 1296 811 1364 Medicorum,
833 1298 938 1350 ἀοι
967 1297 1352 1365 Deniquelndi-

76 1382 164 1418 ces
198 1369 676 1433 Homonymorum,
700 1365 751 1418 δι
783 1364 1076 1437 Αυᾶοτιψι
1119 1378 1354 1419 veterum

78 1433 215 1502 apud
246 1430 548 1486 Scholiastas
583 1436 809 1486 maxime
843 1434 1184 1488 laudatorum.
1267 1437 1351 1488 Sic

74 1513 137 1554 ut
159 1503 328 1570 operis
353 1500 511 1566 hujus
525 1504 765 1555 omnium
783 1503 1201 1556 Fabricianorum
1213 1502 1350 1572 prinss

74 1571 207 1638 cipis
230 1566 449 1638 dignitas
474 1568 704 1623 laborem
727 1570 915 1639 quadra
955 1575 1057 1624 inta
1095 1588 1351 1624 annorum

74 1654 185 1692 non
220 1636 489 1705 dedeceat,
523 1655 680 1705 quem
715 1640 770 1691 in
805 1638 900 1692 illu
963 1639 1349 1710 congerendum

74 1722 136 1759 ac
156 1704 528 1775 perficiendum
549 1707 649 1772 jam
671 1706 734 1760 ab
757 1711 912 1761 Anno
931 1714 1071 1769 1688.
1099 1708 1256 1776 usque
1283 1707 1347 1762 ad

12 1813 17 1816 ,
72 1778 288 1829 -Annum
309 1786 447 1839 1728.
470 1772 713 1828 insumfit.
780 1776 1091 1830 Absolutum
1102 1788 1274 1830 tamen
1294 1776 1347 1829 se

73 1842 576 1896 omnibusnumeris
638 1843 824 1898 raestare
848 1845 1010 1912 nihil,
1042 1846 1252 1914 agnovit
1269 1842 1345 1898 fa-

71 1910 175 1963 cile
197 1908 393 1964 Austor
416 1912 468 1963 in
492 1913 590 1965 Prae
619 1952 630 1962 .
653 1911 764 1965 Vol.
782 1917 818 1965 Ι.
845 1913 1060 1982 proinde
1081 1915 1263 1982 gratias
1276 1915 1348 1966 ait

1 2007 3 2047 i
73 1976 307 2036 asturum
319 1982 385 2046 ei,
406 1980 497 2046 qui
518 1978 598 2032 vel
620 1979 795 2033 omissa
820 1981 900 2034 vel
927 1999 1190 2052 perperam
1215 1979 1347 2051 pofi-

1 2061 2 2064 ’
71 2058 124 2100 ta
147 2049 424 2115 notaverit,
458 2049 570 2100 imo
590 2047 967 2117 reprehensioni
988 2053 1252 2103 materiam
1287 2047 1345 2101 li-

69 2113 251 2168 beuter
284 2115 642 2184 p‘raebiturum,
675 2117 807 2184 quod
829 2117 893 2182 est
913 2121 1195 2170 Criticorum
1215 2125 1343 2185 'quo-

69 2183 276 2234 rundam
297 2182 661 2249 sitmmumjus,
679 2199 750 2236 -ut
770 2200 937 2238 notata
964 2204 1061 2238 una
1083 2186 1344 2237 hallucina-

4 2287 6 2294 ι
66 2251 194 2301 tione
226 2251 306 2301 vel
337 2250 562 2312 omiffione
593 2266 745 2304 totum
775 2253 979 2308 laborem
1001 2250 1266 2307 bonculcem
1286 2251 1341 2315 ες

0 2331 19 2402 9³3:
66 2318 210 2370 nauci
232 2315 322 2384 effb
353 2319 607 2382 clamitent.

18 2394 22 2399 '
132 2385 498 2458 De·lndicibus
522 2387 814 2513 Audiorlnlm
839 2390 976 2460 apud
1000 2386 1338 2510 Veteresllau-

21 2484 24 2493 ⁴
102 2464 105 2467 ’
807 2477 842 2531 4
1124 2475 1170 2536 f
1225 2467 1328 2511 ato·
