1638 2678
275 156 372 212 326
767 142 1029 197 RICHEY.
1460 175 1472 187 .

280 219 1520 256 mm

276 272 383 344 que'
398 293 424 330 a
444 275 749 345 pauciffimis
773 274 1120 345 cognoscatur.
1190 273 1433 340 Comperi
1450 283 1526 325 ta·

280 360 417 405 men,
453 358 642 396 nomen
674 345 723 396 ei
770 342 864 396 effe
920 341 1180 394 Lehmanno
1201 374 1220 396 ,
1259 341 1529 405 virumque

278 410 483 465 Dresdae
506 412 660 464 vitam
683 413 925 479 privatam
951 426 1119 477 agere,
1163 419 1311 475 atque
1336 407 1530 458 otioita

278 478 560 545 abundare,
595 489 652 532 ut
675 478 754 531 vel
777 477 933 530 solius
951 479 1116 530 Grotii
1148 476 1225 528 sui
1249 474 1390 528 causa
1414 473 1529 527 Bel-

278 563 366 616 gas
387 546 467 599 bis
500 558 587 599 aut
614 557 690 599 ter
718 545 910 599 adierit.
923 582 954 612 „
1018 541 1191 614 Lipfiae
1226 562 1297 610 14.
1320 540 1529 595 Calend.

278 621 323 668 A
362 631 396 666 r.
429 632 446 664 1
493 635 516 665 2
556 654 568 666 .

92 719 219 752 Nm,
326 630 747 749 I³,Bib7ligthecam
761 680 1014 750 publicam
1027 678 1191 731 noster
1205 682 1411 731 Senatus
1425 691 1532 729 ma-

90 770 235 820 mphy-
279 765 376 819 gna
411 765 528 802 cura
574 749 623 802 δι
660 749 829 802 sumtu
858 745 1088 816 quotidie
1133 759 1293 816 auget.
1323 783 1333 792 .
1363 743 1534 798 Habet

91 823 236 884 ‘afim
284 818 421 871 enim
445 816 586 883 quod
607 816 878 886 impendat.
945 817 1240 868 Numariam
1274 815 1426 865 etiam
1451 811 1533 863 su-

79 876 194 957 Pps·
285 883 608 954 pelledtilem,
633 882 877 937 haetenus
899 884 954 935 in
977 884 1167 950 exiguo
1190 880 1422 934 museolo
1447 896 1533 929 an-

284 952 424 1019 guste
467 953 580 1004 satis
622 950 924 1008 collocatam
970 951 1255 1019 nuperrime
1309 944 1534 1015 Ampliff.

283 1016 571 1085 BaudifiuS,
598 1021 808 1085 Praetor,
843 1019 932 1086 qui
954 1033 1051 1069 una
1084 1034 1203 1069 cum
1234 1014 1312 1068 Cl.
1336 1014 1535 1067 Masco-

285 1089 375 1139 vio
395 1085 720 1139 Bibliotheca:
741 1085 866 1139 huic
891 1103 956 1138 ex
967 1083 1202 1137 mandato
1216 1083 1409 1135 senatus
1456 1098 1539 1133 1·ae-

283 1151 452 1208 feffius
474 1153 558 1214 est,
592 1154 646 1206 in
669 1170 798 1206 nova
822 1169 979 1221 eaque
1002 1151 1116 1204 satis
1138 1150 1360 1218 ampla&
1375 1152 1427 1218 tp
1448 1165 1537 1201 en-

283 1220 403 1274 dida
426 1221 600 1273 scrinia
625 1221 886 1290 disposuit,
919 1222 986 1273 ita
1011 1231 1066 1272 ut
1087 1218 1330 1286 quicquid
1354 1233 1538 1269 numo·

284 1306 400 1341 rum
434 1305 656 1355 unquam
686 1288 915 1354 accedat,
967 1285 1259 1356 ampliffima
1291 1284 1536 1338 omnibus

283 1356 437 1425 spatia
459 1353 630 1409 relidh
651 1353 755 1408 fint.
822 1359 1020 1434 Septem
1052 1354 1304 1423 Iyfimachi
1335 1371 1392 1402 ex
1422 1366 1540 1403 auro

285 1440 446 1491 nuper
493 1439 590 1475 una
626 1435 902 1492 eomparan
946 1422 1090 1488 sunt,
1125 1433 1295 1490 praeter
1323 1431 1540 1488 quatuor

286 1490 441 1558 ahos,
477 1492 567 1556 qui
590 1492 689 1554 jam
720 1503 833 1543 ante
871 1489 1087 1542 aderant.
1156 1486 1397 1542 Referunt
1439 1487 1540 1540 hos
1628 1516 1629 1520 =

284 1559 415 1610 inter
442 1557 677 1611 rariffima
707 1557 905 1610 cimelia
936 1558 1048 1624 tua,
1083 1556 1248 1623 iisque
1279 1573 1345 1609 eo
1379 1555 1540 1622 magis

284 1623 607 1693 superbiunt,
642 1625 782 1694 quod
817 1624 1028 1677 Liebius
1060 1626 1115 1676 in
1144 1624 1314 1676 Gotha
1346 1623 1541 1674 numis-

284 1694 469 1746 matica
511 1695 643 1746 inter
684 1693 919 1760 primaria
963 1691 1124 1744 musei
1164 1692 1318 1758 hujus
1358 1689 1542 1742 decora

285 1773 464 1825 narrat,
498 1763 724 1826 quinque
757 1757 1085 1827 Lyfimachos
1122 1775 1304 1814 aureos
1346 1757 1544 1812 servari.

286 1826 476 1896 Lipfiae.
499 1830 752 1890 Non.Jan.
774 1844 916 1892 173¹·

101 1912 250 1963 κίχεν,
295 1940 298 1942 .
354 1893 583 1963 „Scripsit
615 1913 684 1948 nu
721 1912 774 1946 er
815 1894 878 1948 ad
909 1891 1183 1947 consultiff.
1222 1891 1545 1946 Mascovium

97 1970 245 2020 zaufiae-
290 1961 546 2014 Bochatus
571 1965 667 2015 Pro
691 1961 818 2016 effor
836 1958 1188 2014 Lausonienfis
1214 1959 1546 2026 Cel.Barbey-

101 2040 151 2063 ’¹⁸
169 2024 219 2071 &
290 2031 394 2083 raci
421 2028 668 2083 succeffor
688 2073 704 2096 ‚
749 2026 1212 2082 Ruchatummoliri
1247 2030 1547 2078 Monumema

98 2082 245 2178 ffjfv‘·
291 2097 629 2164 Lausonienfia,
650 2114 782 2166 opus
803 2112 1062 2166 magnum,
1082 2095 1132 2148 ἃ
1151 2094 1212 2147 ad
1226 2095 1547 2161 antiquitates

290 2163 341 2217 ἀ
388 2163 666 2217 Historiam
697 2166 880 2217 veteris
922 2162 1167 2216 Helvetiae
1208 2161 1549 2216 illustrandam
1635 2202 1638 2223 ἃ

290 2232 488 2306 egregia
512 2230 669 2285 multa
687 2228 1248 2300 promittenS‚Historiae
1259 2231 1412 2283 etiam
1425 2232 1551 2282 Ger·
1636 2228 1638 2297 ζ

292 2300 466 2354 maniae
489 2299 647 2352 medii
669 2301 758 2351 aevi
779 2296 1131 2367 profuturum,
1150 2296 1323 2364 quoad
1347 2312 1550 2364 cum-ea
1637 2300 1638 2322 ³

292 2363 628 2435 coniunctum
663 2364 766 2425 fuit
795 2377 941 2422 vetus
964 2364 1276 2435 'Burgundiae
1303 2380 1548 2436 reguum3

1438 2447 1548 2488 non
