1638 2678
311 139 407 203 302?
542 209 545 212 ι
764 137 1119 213 MOSHE1M„

305 269 515 336 cidiffe‚
558 275 903 339 conqueritur.
976 274 1112 327 Vah!
1148 292 1271 328 vero
1338 293 1456 330 uam
1491 282 1573 331 in-

304 339 474 394 solens
496 338 602 392 haec
624 340 673 393 ἃ
693 342 954 395 temeraria
975 346 1214 410 antiquos
1236 361 1300 397 au
1355 361 1469 397 ores
1488 363 1574 400 ca-

305 406 520 476 stigandi
550 411 702 460 ratio:
792 427 866 462 uae
895 411 1067 463 critica
1097 413 1194 463 viri
1225 411 1457 465 audacia:
1491 416 1574 467 Ne
1629 466 1635 481 ζ

301 492 732 544 commemorem,
768 494 793 530 a
815 476 961 545 iquid
978 489 1146 532 tamen
1159 478 1575 535 difficultatisad-
1619 537 1638 557 ,-

306 542 414 597 huc
434 540 689 597 refiduum
712 544 835 612 effe,
871 562 966 598 nec
989 564 1096 599 rem
1119 564 1329 600 omnem
1352 548 1433 601 vel
1465 550 1573 603 hoc

309 611 474 664 modo
494 610 556 664 ab
576 612 888 666 Combefifio
900 613 1111 680 absolvi,
1126 628 1182 667 ut
1195 615 1571 671 scilicetomnis
1627 620 1638 669 ,ἓ

309 682 494 731 erroris
517 696 674 748 purus
697 681 1009 751 Hippolytus
1038 679 1239 736 fistatur.
1306 687 1357 737 Si
1389 688 1574 738 nonni-

307 747 385 800 hil
406 746 509 800 loci
532 749 715 800 critica:
737 749 1038 816 conjecturae
1058 751 1146 803 hic
1177 750 1571 819 relinquendum

307 815 451 883 esset,
492 814 646 883 longe
669 815 874 869 felicius
897 831 1139 886 concepta
1162 820 1430 889 Hippolyti
1463 839 1572 875 ma-

306 883 423 936 cula
445 882 552 935 elui
572 882 794 952 poffet‚fi
813 884 915 938 sola
973 885 1568 956 raepofitiosseroiinTex-

306 963 421 1004 tum
464 953 797 1022 reciperetur,
832 965 890 1005 ut
947 971 995 1008 1c
1028 955 1177 1008 verba
1215 957 1458 1009 fluerent:
1491 956 1571 1021 τήν
1636 980 1638 983 ·

309 1018 438 1086 pero&
480 1024 544 1076 τέ
587 1024 700 1086 οἱγίε
746 1025 1012 1088 πνέυμοιτος
1062 1025 1366 1080 καθελτὲσαν
1409 1027 1567 1092 φωνὴν.

308 1087 507 1139 Omnes
527 1086 625 1140 hac
646 1090 1002 1144 emendatione
1022 1090 1356 1144 evellerentur
1376 1111 1441 1145 ex
1463 1096 1570 1146 anio
1634 1114 1638 1139 ³.

307 1159 400 1207 mo
421 1154 641 1224 scrupuli
664 1155 726 1207 de
747 1155 976 1212 dod'crina
1011 1159 1299 1229 Hippolyti,
1324 1159 1373 1213 ἀ
1397 1164 1571 1215 omnis
1632 1203 1638 1218 ‚-

309 1224 495 1275 erroris
517 1240 675 1292 purus
698 1223 896 1279 sandius
919 1229 1008 1278 Vir
1040 1227 1439 1281 constitueretur.
1507 1233 1572 1282 Et

307 1289 379 1343 est
400 1291 454 1342 in
478 1290 810 1346 Testamento
824 1293 919 1346 illo
930 1298 1038 1347 XII.
1053 1295 1447 1349 Patriarcharum
1457 1298 1571 1365 spu-

306 1360 390 1410 rio
413 1357 559 1411 locus
573 1401 588 1426 ,
624 1363 714 1426 qui
744 1361 1083 1430 suspicionem
1097 1363 1226 1416 hanc
1238 1367 1437 1433 egregie
1447 1383 1572 1418 con-

306 1425 540 1479 firmaret.
610 1429 737 1480 Levi
759 1431 897 1481 enim
919 1430 1166 1500 impostor
1184 1435 1239 1486 in
1271 1433 1570 1487 testamento

307 1494 404 1548 suo
437 1496 557 1563 Cap.
578 1498 757 1548 XVIII.
781 1514 827 1564 p.
857 1508 965 1563 586.
989 1499 1068 1551 ed.
1088 1512 1183 1551 tuae
1205 1502 1274 1552 ita
1292 1502 1572 1554 vaticinan-

308 1573 415 1614 tem
438 1562 622 1632 fingit:
666 1570 724 1618 Οἱ
755 1566 903 1635 ἐξωνοῖ
944 1563 1275 1633 οἷνοιγῆσοῖιται,
1313 1569 1392 1634 >wi
1425 1575 1474 1623 ἔκ
1507 1571 1571 1626 τῖἕ
1635 1580 1638 1612 ἶ

307 1635 397 1687 voci}
430 1635 513 1694 τῆς
544 1629 673 1700 δόξης
703 1630 796 1702 ἥξει
831 1635 903 1688 ἐπ’
935 1636 1071 1688 οἷυτόν
1091 1639 1311 1702 οἱγίοισμω
1328 1638 1455 1702 μετοὶ
1476 1648 1569 1700 φὼ-

311 1703 382 1760 νῆς
417 1704 667 1768 πατρικῆς,
701 1704 758 1753 ὡς
792 1702 889 1756 οἱπό
931 1704 1144 1773 Αβςοεοὶμ
1183 1706 1364 1773 vareo&
1403 1706 1567 1759 Ισοιοὶκ.
1633 1714 1638 1772 J

307 1769 462 1818 Levis
483 1779 681 1821 tantum
705 1770 759 1820 in
780 1769 885 1823 hoc
906 1770 1028 1823 loco
1051 1771 1318 1841 Hippolyti
1338 1785 1569 1841 transpo-
1602 1775 1609 1779 ’
1634 1774 1638 1777 ’

308 1830 424 1888 sitio
445 1833 530 1886 est.
601 1836 803 1889 Gudius
829 1838 1148 1891 Monachum
1172 1857 1360 1908 magno
1383 1853 1571 1893 conatu

306 1901 444 1959 nihil
467 1918 638 1970 agere,
672 1903 950 1972 intellexit,
985 1907 1195 1960 meliora
1230 1909 1294 1960 de
1322 1908 1427 1961 suis
1463 1926 1570 1962 non
1635 1918 1638 1974 ἶ

308 1969 604 2038 impertivit.
672 1973 875 2025 Durum
901 1973 1160 2042 ρτοῐεέὶο,
1202 1975 1344 2041 quod
1375 1993 1462 2045 per
1498 1979 1568 2028 vi·
1624 1979 1638 2028 ’ζ

309 2054 438 2090 num
463 2049 718 2106 paternam
739 2039 880 2094 illam
901 2058 1085 2096 vocem
1110 2045 1293 2095 innuia
1310 2043 1479 2097 sand'co
1492 2046 1569 2096 vi·
1620 2072 1627 2088 J

309 2122 396 2172 το,
430 2105 696 2159 existimet.
766 2110 998 2163 Praeterea
1023 2123 1203 2178 quanta
1220 2111 1289 2163 est
1303 2110 1569 2181 Ellipfisil-

308 2171 385 2239 la,
419 2171 712 2240 quamloco
745 2174 850 2230 hoc
884 2180 960 2230 vir
988 2177 1192 2232 illustris
1225 2178 1294 2230 fin
1334 2182 1387 2232 it.
1458 2183 1570 2233 Nu·
1626 2213 1633 2245 3

306 2240 468 2310 spiam
490 2253 594 2294 tam
614 2245 824 2296 conciso
855 2245 1059 2298 dicendi
1091 2264 1271 2315 genere
1384 2246 1573 2317 ellipti-
1628 2304 1631 2305 γ

306 2325 376 2361 co
400 2309 715 2377 Hippolytus
737 2314 895 2365 utitur
911 2317 943 2372 ς’
963 2315 1158 2383 planus,
1182 2315 1474 2384 perspicuus
1485 2317 1572 2383 est,

306 2392 413 2432 nec
436 2376 585 2432 ullibi
620 2389 762 2437 tanta:
793 2380 1089 2436 obscuritati
1117 2385 1330 2438 amicus.
1398 2383 1570 2506 Alie?
1626 2407 1632 2409 -

1488 2471 1508 2506 1
1546 2485 1571 2496 -
