1638 2678
69 603 201 659 Blogia

70 661 203 722 Fffbri-

71 730 124 754 cn
134 744 147 756 .

250 115 312 157 62
587 101 868 157 FABRICII
898 101 1171 157 ELOGIA.

250 239 385 308 genti
416 237 564 302 nostro
596 239 767 297 obtuli,
807 241 893 309 qui
923 256 1085 290 munus
1116 239 1235 290 illud
1255 237 1511 304 gratilfimo

254 309 411 444 tibin?
433 307 636 382 accepit,
669 306 721 369 ες
735 307 827 373 fibi
858 321 1017 359 notam
1042 306 1347 359 eruditionem
1377 321 1512 358 tuam

254 392 281 425 e
315 393 340 426 e
394 387 500 426 ixit.

788 495 830 565 ᾗ.
903 507 981 549 26.

329 583 462 632 Inter
481 577 656 647 Belgas
678 578 907 630 Gis-bertus
936 580 1160 644 Cuperus,
1206 594 1312 631 non
1338 578 1512 632 minus

259 647 548 700 eruditione
570 646 728 698 solida
761 663 913 712 quam
947 646 1259 715 ampliffimis
1290 648 1515 699 muneri-

258 715 356 768 bus
382 715 530 784 gestis
552 714 783 780 illustriS‚
820 725 876 765 ut
894 712 985 766 alia
1009 713 1269 789 complura
1283 715 1515 767 Fabricio

259 782 567 836 documenta
591 781 731 834 dedit
752 784 924 848 quanti
950 780 1095 834 illum
1122 789 1333 848 taceret,
1365 784 1434 834 ita
1460 785 1516 834 in

261 848 485 919 epistolis
508 849 788 902 identidem
810 848 1036 902 frustum
1060 867 1212 916 quem
1236 867 1302 901 ex
1322 851 1431 915 ejus
1452 849 1515 901 li-

261 918 368 971 bris
384 919 659 986 perceperit
674 917 853 969 iaudat.
889 918 970 969 Sic
982 935 1024 968 v.
1040 935 1086 987 g.
1104 919 1373 970 Daventria
1386 917 1459 969 d.1
1471 938 1517 968 2.

262 990 393 1053 Sept.
406 1005 422 1036 ι
432 985 610 1050 707.de
625 985 717 1036 suo
729 987 779 1035 iu
791 984 1098 1038 Scholiasten
1112 985 1376 1054 Apollonii
1389 984 1519 1036 indi-

264 1071 324 1108 ce
346 1054 558 1120 loquens
581 1052 777 1105 scribit:
807 1053 899 1104 Sed
911 1052 958 1112 β
972 1053 1093 1120 quid
1102 1051 1452 1120 praetermtffiim
1466 1050 1520 1113 ξς

260 1135 499 1190 peccatum
518 1119 604 1184 est,
634 1134 688 1171 tn
711 1121 878 1185 optime
896 1122 1095 1186 corriges
1107 1139 1124 1177 ,-
1155 1138 1257 1172 cum
1269 1120 1351 1171 hoc
1372 1122 1422 1170 in
1439 1138 1519 1185 ge-

263 1207 374 1243 nere
402 1188 676 1239 eruditionis
705 1188 790 1249 fis,
808 1205 976 1238 revera
1005 1188 1284 1254 coryphaeus,
1327 1187 1383 1238 id
1395 1186 1527 1255 quod

254 1256 459 1325 proficio
483 1272 605 1308 nunc
625 1258 797 1306 iterum
818 1254 1010 1317 testatur
1029 1255 1146 1305 liber
1166 1257 1327 1305 tertius
1350 1255 1520 1306 Biblio-

261 1325 401 1376 thecae
421 1338 510 1374 tuae
530 1324 711 1379 Graecae,
744 1340 882 1390 quem
903 1339 992 1373 non
1013 1324 1143 1373 modo
1162 1323 1319 1379 avide,
1355 1338 1521 1374 verum

266 1394 408 1443 etiam
429 1390 597 1456 insigni
618 1389 668 1452 ξς
688 1391 925 1442 excellenti
945 1407 1047 1442 cum
1055 1389 1223 1457 fruHu
1245 1405 1395 1440 totum
1409 1404 1522 1456 per-

265 1460 371 1525 legi.
442 1459 550 1509 Non
565 1458 755 1524 patitur
774 1456 987 1521 modestia
1009 1472 1112 1514 tua,
1137 1472 1191 1508 ut
1212 1472 1259 1507 te
1282 1459 1332 1507 in
1356 1475 1404 1507 os
1416 1459 1524 1507 lau-

266 1527 398 1584 dem5
420 1525 512 1592 fi’d
527 1525 858 1592 tamenfhcere
878 1543 968 1576 non
983 1522 1158 1593 pofficm
1171 1561 1188 1582 ‚
1218 1526 1336 1594 quin
1367 1522 1522 1588 tester,

268 1609 316 1645 te
351 1595 440 1645 Vir
465 1591 846 1659 praestantffn1e‚
890 1595 1057 1660 optime
1085 1611 1134 1643 eo
1164 1594 1215 1643 in
1245 1606 1523 1657 argumento

269 1659 520 1727 &stamma
542 1678 646 1713 cum
666 1661 923 1712 eruditione
943 1662 995 1724 εἴ
1004 1660 1143 1712 laude
1164 1659 1402 1721 versbtum
1420 1658 1531 1725 effe,

269 1743 416 1797 atque
445 1731 557 1779 adeo
587 1729 637 1779 in
668 1746 741 1779 me
767 1728 1012 1792 accendere
1042 1727 1313 1793 inexplebile
1352 1727 1526 1791 defide-

269 1799 396 1848 rium
427 1796 633 1865 reliquos
663 1810 809 1847 tomos
837 1797 1030 1863 legendi.
1108 1797 1238 1847 Nam
1270 1812 1363 1846 non
1393 1792 1525 1844 modo

270 1864 502 1933 quicquid
519 1865 702 1916 obvium
723 1862 786 1927 est
803 1863 934 1931 apud
949 1877 1128 1915 veteres
1149 1865 1376 1919 auderes,
1400 1861 1531 1930 quod

260 1931 492 2000 propofito
511 1940 592 1982 tuo
622 1930 845 1997 inservit,
873 1932 1072 1999 pulchre
1101 1930 1154 1992 εἴ
1181 1932 1304 1982 dofle
1334 1930 1526 1994 digeris,

260 1998 508 2067 sedetiam
530 2000 634 2054 beas
664 2017 746 2049 nos
764 1996 979 2056 ineditis,
1019 1998 1220 2064 utifimt
1244 1998 1296 2060 εἰ
1297 2016 1333 2051 c.
1382 1995 1528 2050 ldem

269 2068 540 2124 Daventria
572 2064 687 2135 ipfis
719 2068 885 2119 Nonis
918 2067 1131 2135 Augusti
1169 2084 1296 2132 1714
1364 2065 1529 2115 Phila-

258 2133 433 2198 strium
455 2150 590 2184 tuum
613 2135 752 2185 avide
784 2137 1023 2201 expec‘Jant-
1058 2134 1258 2190 eruditi,
1291 2132 1345 2195 ξς
1375 2132 1528 2182 multa

271 2202 322 2256 in
342 2220 391 2251 eo
410 2200 744 2268 difficiliafimt
765 2202 894 2259 loca,
927 2219 1031 2271 quae
1051 2219 1180 2253 nemo
1201 2202 1359 2252 melius
1381 2198 1529 2265 expli-

272 2285 380 2321 care
400 2270 480 2320 vel
495 2270 741 2320 emendare
755 2271 957 2335 poterit,
992 2269 1409 2336 cumferefi’mper
1432 2282 1528 2317 cer-

273 2350 326 2386 ta
343 2336 402 2398 fit
420 2337 597 2409 medica
621 2351 707 2388 tua
726 2354 901 2390 manus.
988 2339 1133 2391 Huic
1162 2336 1434 2406 adjungere
1467 2332 1531 2385 li-
1598 2363 1603 2368 -

1422 2413 1532 2456 ceat
