1638 2678
522 98 842 152 BERGLER.
1211 110 1271 146 22
1282 111 1305 158 3

1251 192 1305 199 .—

35 239 93 292 in
132 233 450 357 ostendenda>
481 236 646 356 Pogtae
674 233 921 355 artifgioss
956 230 1178 286 eruenda
1213 229 1311 282 do-

10 345 12 356 .
118 308 127 318 ”
457 305 466 316 ’
640 304 650 315 ’
1171 313 1308 351 imo⁴

9 358 13 428 l
33 304 377 440 ἑὶίξιῗέῑῖυιειῗῑῗ
372 322 413 425 1¹11
426 313 894 425 ηζζῗιεηνὲῖξιέυδίἳε
903 316 1308 435 ιὲιῃέῑξῗέἐῐὶιίοηί·

9 441 134 497 'vbus
159 443 328 509 iisque
349 439 636 508 solvendiS‚
666 451 772 493 tarn
799 437 1009 506 crebre,
1044 438 1307 506 utvixpu-

34 522 144 564 tem
176 508 461 567 hodiernos
493 507 672 562 Zoilos
740 505 846 561 lura
882 504 1213 575 excogitaffe:
1248 506 1306 557 in

10 577 356 647 exponendis
389 577 621 631 obscuris
652 594 705 630 re
746 593 804 630 us
840 575 891 629 ὅ(
919 574 1088 628 verbis
1118 596 1131 624 z
1176 589 1306 627 non-

10 646 301 715 nunquam
331 646 384 701 ἀ
418 644 754 714 Etymologiae
786 661 978 698 vocum
1023 641 1305 708 traduntur,

8 706 272 789 'quamvis
309 714 380 776 hae
411 731 518 768 non
552 714 747 783 semper
780 713 895 767 satis
926 710 1214 765 commodae
1247 721 1323 765 ut,

19 842 22 850 ,
37 783 244 838 aliunde
256 782 464 836 admista
477 781 742 835 videantur
754 781 855 834 illis
870 781 1111 850 egregiis:
1127 781 1306 832 Gram-

9 860 12 943 ἱ
35 854 213 907 matici
233 852 321 905 hic
345 869 447 904 non
469 852 620 921 pauci
640 862 1015 915 memorantur,
1051 864 1183 914 quos
1198 864 1304 900 non

9 946 21 965 ,
38 922 213 976 inveni
232 922 284 973 in
307 919 626 973 Bibliotheca
659 931 771 987 tua,
805 920 1060 973 editiones
1084 918 1307 970 Homeri

19 1000 213 1059 ·praeter
256 987 375 1043 alias
418 993 465 1055 αᾷ
507 992 799 1055 Σωσιγένους,
834 992 859 1050 ἡ
892 991 1079 1050 Ῥιανοῦ,
1114 989 1139 1045 ἡ
1173 985 1305 1041 κοσταὶ

41 1057 301 1125 Φιλήμονοιε
338 1055 611 1124 aliquoties
635 1055 698 1109 ad
719 1055 971 1108 editiones
992 1070 1174 1107 omnes
1188 1070 1308 1123 pro-

9 1137 12 1196 Ῑ
41 1138 272 1194 vocatur,
307 1124 449 1180 ῧυτως
478 1130 523 1194 αἱ
542 1129 705 1191 micus,
773 1122 1134 1177 Victorianum
1158 1121 1307 1189 codi-

7 1197 12 1287 ι
40 1212 158 1248 cem
180 1207 265 1248 aut
287 1193 494 1260 eadem,
527 1206 614 1246 aut
670 1193 870 1260 leraque
893 1192 1193 1246 communia
1214 1191 1305 1244 ha-

8 1290 11 1335 l
42 1262 203 1316 buiffe
214 1280 336 1316 cum
359 1261 548 1329 nostre,
561 1210 739 1330 colligi
761 1261 923 1331 potest
945 1278 1010 1314 ex
1032 1260 1097 1313 iis
1118 1276 1227 1326 quae
1243 1259 1309 1312 ad

8 1339 11 1387 l
43 1329 135 1384 lib.
158 1349 355 1385 nonum
374 1330 536 1383 edidit
554 1330 835 1397 Hornejus‚
860 1327 1003 1397 quod
1016 1329 1213 1396 primus
1228 1329 1309 1380 in-

8 1395 12 1454 l
44 1399 211 1453 dicavi
232 1403 286 1453 in
298 1398 440 1452 Actis
453 1398 604 1451 Erud.
617 1398 879 1451 recensens
890 1400 1182 1450 Homerum
1195 1398 1312 1448 Bar-

8 1470 12 1524 l
42 1465 179 1522 nefii.
252 1471 328 1520 Ex
353 1467 531 1519 eadem
554 1466 872 1520 Bibliotheca
896 1461 1130 1535 descripfi
1150 1481 1314 1532 nuper

9 1526 12 1604 l
45 1536 285 1600 Genefium
308 1536 540 1589 Historiae
563 1538 841 1604 Byzantina:
859 1535 1174 1604 scriptorem,
1196 1532 1312 1585 lati-

9 1605 12 1671 !
44 1621 211 1672 neque
244 1607 387 1657 verti.
457 1605 579 1671 Ejus
609 1603 958 1672 apographum
989 1602 1059 1655 est
1087 1604 1140 1653 in
1162 1604 1312 1654 Sena-

9 1686 11 1740 !
43 1676 175 1726 toria
198 1671 514 1726 Bibliotheca
530 1709 546 1729 ‚
578 1668 772 1726 fad‘tum
793 1689 819 1724 a
839 1670 988 1724 Bofio
1011 1687 1187 1739 parum
1220 1687 1312 1739 pe·-

9 1755 11 1771 ¹
45 1742 142 1794 rite
165 1740 214 1794 ἀ
246 1741 360 1794 satis
391 1740 720 1810 negligenter.
788 1742 1012 1809 Scriptor
1043 1738 1112 1791 est
1143 1737 1313 1790 horri-

8 1783 22 1910 l*
45 1809 144 1862 dus
165 1852 180 1875 ‚
220 1808 447 1863 incultus
470 1851 486 1877 ,
526 1809 707 1875 judicii
739 1825 910 1876 egens,
980 1807 1122 1859 Verti
1154 1809 1313 1859 etiam

9 1923 11 1943 ἶ
42 1877 429 1944 Herodianum,
462 1877 901 1931 accommodatius
923 1874 985 1928 ad
1007 1874 1154 1928 usum
1177 1877 1312 1926 Grae-

19 1963 103 1999 -ca
124 1945 457 2013 discentium,
506 1946 556 1999 ὅτ
574 1944 779 1998 fidelius
800 1961 953 2012 quam
970 1941 1160 1996 factum
1175 1960 1200 1996 a
1215 1945 1313 1996 Po-

10 2013 240 2076 ,litiano-
308 2017 432 2066 Haec
455 2016 630 2066 omnia
668 2013 793 2065 dum
826 2011 1131 2065 Herodotus
1163 2025 1313 2063 meus

9 2097 26 2135 ·-
37 2081 199 2150 jacet,
234 2081 298 2135 de
330 2099 437 2149 quo
470 2099 577 2134 non
605 2080 675 2134 est
704 2080 836 2134 mihi
865 2078 1153 2147 jucundum
1172 2095 1313 2133 nunc

8 2166 25 2205 ι.
42 2149 186 2219 plura
207 2149 451 2219 scribere,
486 2152 567 2206 uti
593 2167 688 2206 nec
716 2149 784 2204 de
809 2147 1218 2220 Aristophane„
1249 2163 1315 2200 ex

10 2227 25 2301 {
44 2219 153 2273 ead.
176 2217 400 2290 epistola.

11 2361 41 2519 l
1150 2408 1317 2473 LAM-
