1638 2678
179 97 363 152 FABR.
397 95 619 152 RATIO
654 96 907 150 EDEND.
942 93 1205 151 menon.
1274 113 1342 164 47

69 230 336 289 ditationis
372 233 468 287 su'ae
507 231 756 301 deposuit.
845 230 978 285 Illud
1011 248 1136 286 vero
1170 235 1340 286 neuti-

43 315 223 370 ,quam
291 300 659 355 raetereundum
692 300 865 367 duco,
921 299 1065 367 quod
1110 300 1236 354 editi
1274 300 1338 355 ab

15 359 18 442 f
62 366 85 422 i
126 371 182 423 so
204 373 267 423 Fa
308 372 436 423 ricio
458 368 591 435 libri,
613 381 726 422 tum
757 369 805 421 δι
828 369 888 421 ad
910 371 1133 438 privatos
1164 369 1338 439 praele-

120 456 284 491 onum
320 437 439 492 usus
490 437 658 506 scripti
713 439 971 507 optimum
1004 435 1093 507 ipfi
1130 437 1336 492 tandem

14 514 15 524 ¹
65 506 370 577 praebuerint
390 479 730 559 recondentlis
765 504 1209 559 obiervationibus
1240 522 1335 560 no-

63 576 143 628 vis
167 573 560 645 receptaculum.
634 573 713 626 Illi
749 591 871 627 vero
908 586 964 626 ut
986 575 1212 627 maxime
1233 577 1336 629 An-

64 645 194 711 tiqui
201 655 378 710 tatum,
391 641 733 711 Philosophiae
745 684 760 709 ,
792 641 1077 712 Religionis
1091 642 1336 696 Christia-

63 729 139 765 nae
167 711 217 765 Gr
239 722 468 764 veterum
480 710 783 779 scriptorum
796 709 1334 772 historiamillustrant,

62 782 133 834 ita
156 797 266 848 quae
288 778 350 832 ad
370 780 669 832 recentioris
692 778 810 831 libri
843 778 924 831 vel
948 777 1173 833 aucloris
1196 778 1334 831 addo

65 848 117 902 ἃ
142 849 427 917 argumenti
447 845 599 916 ipfius
622 848 856 900 notitiam
886 845 1137 918 speciant,
1174 843 1335 903 fronti

8 992 10 997 Χ
62 908 224 987 ipfius‘
240 913 387 974 libri,
422 914 616 970 solebat
645 918 929 986 appingere.

607 1040 651 1111 ς.
719 1060 798 1094 20.

132 1123 204 1174 Ita
236 1121 338 1187 iam
371 1122 518 1174 omni
548 1138 643 1190 pro
680 1137 708 1173 e
738 1130 975 1190 apparatu
1009 1118 1074 1174 ad
1110 1117 1330 1174 scriben-
1349 1131 1466 1174 Ratio

63 1188 192 1242 dum
219 1188 493 1243 instructus
515 1231 532 1255 ‚
577 1206 636 1242 ce
657 1190 833 1241 eritate
854 1190 1046 1258 -paucis
1083 1187 1331 1242 imitanda
1351 1192 1522 1254 edenda·

62 1274 172 1310 rem
198 1256 402 1326 aggredi
426 1256 638 1310 solebat.
707 1260 840 1309 Nam
862 1274 984 1310 cum
997 1259 1086 1310 vix
1096 1267 1195 1309 tres
1207 1273 1331 1323 qua·
1349 1262 1439 1341 ξω
1458 1249 1507 1285 ‘¹‘

0 1337 5 1375 ἢ
62 1336 246 1378 tuorve
265 1324 493 1395 plagulas
517 1324 633 1379 libri
654 1323 839 1378 edendi
863 1324 927 1379 ad
957 1324 1167 1395 praelum
1189 1341 1333 1394 para·
1371 1317 1515 1343 'mm'

0 1406 1 1418 ³
59 1405 135 1447 tas
157 1392 392 1461 haberet,
424 1392 568 1447 illico
588 1394 893 1463 typographi
915 1410 1095 1463 operas
1125 1410 1333 1447 exerce-

62 1479 116 1515 re
137 1463 316 1532 coepit,
365 1473 513 1530 atque
538 1464 728 1517 interea
753 1462 878 1515 dum
897 1464 1064 1532 priora
1086 1463 1219 1531 typis
1241 1480 1334 1515 ex-

62 1529 394 1599 cuderentur,
429 1531 686 1598 sequentia
714 1549 1005 1601 congerere.
1077 1529 1241 1608 Qod
1274 1542 1333 1584 ut

61 1600 251 1665 exequi
272 1596 372 1652 fine
397 1599 487 1652 suo
507 1598 850 1652 incommodo
888 1612 976 1652 aut
1005 1616 1150 1653 mora
1180 1612 1232 1665 ty
1271 1617 1332 1652 o-

2 1669 8 1679 '
61 1667 242 1737 graphi
264 1667 447 1736 posset,
479 1668 650 1721 effecit
669 1685 776 1721 non
796 1679 996 1729 tantum
1019 1666 1179 1720 alacre
1200 1666 1236 1718 il
1260 1667 1333 1722 ud

64 1736 116 1788 Gr
140 1734 440 1804 expeditum
459 1738 742 1805 ingenium,
766 1748 1068 1805 promtaque
1080 1753 1138 1789 ac
1158 1734 1328 1789 fidelis

61 1806 328 1872 memoria,
351 1804 436 1857 sed
458 1805 510 1857 ὅ(
532 1806 660 1858 ratio
679 1804 766 1858 illa
802 1803 1005 1872 legendi
1029 1817 1177 1871 atque
1198 1801 1331 1858 ledia

61 1870 126 1925 ad
148 1871 308 1925 libros
329 1871 602 1927 familiares
623 1870 905 1940 referendi,
938 1872 1000 1926 de
1023 1873 1212 1940 quibus
1246 1872 1331 1926 ad-

40 1939 168 2009 vhuc
188 1939 587 1994 demonstratum
609 1941 693 1994 est.
757 1945 899 1995 Hinc
920 1958 1041 1994 cum
1065 1959 1160 2011 pro
1191 1940 1327 1994 mul-

56 2006 220 2062 tifaria
244 2008 533 2063 eruditione
554 2021 726 2063 totum
749 2011 851 2077 jam
879 2009 1131 2064 ambitum
1162 2008 1213 2063 δι
1240 2027 1330 2063 ne-

8 2113 19 2146 ¹.
56 2094 186 2130 xum
220 2079 506 2148 argumenti
541 2080 716 2132 animo
745 2075 1196 2148 complecteretur,
1243 2076 1330 2131 vel

8 2148 13 2159 “’
56 2148 213 2199 etiam
232 2146 429 2199 summa
461 2148 572 2213 ejus
608 2149 772 2216 capita¹
807 2149 862 2200 in
895 2146 1121 2199 chartam
1154 2146 1329 2212 conje-

56 2212 222 2280 ciffet,
252 2214 463 2269 haberet
479 2227 650 2268 autem
669 2215 792 2270 suos
823 2213 1154 2285 depositarios
1187 2213 1328 2268 unde

18 2293 22 2297 ·
57 2294 231 2350 petere
257 2280 574 2353 singulorum
595 2283 900 2354 explicatam
930 2286 1180 2336 rationem
1209 2281 1322 2353 pos-

58 2350 157 2419 set,
187 2350 320 2406 nihil
339 2364 445 2407 erat
463 2369 647 2422 morae,
679 2369 788 2423 quo
810 2355 984 2421 minus
1018 2368 1164 2421 aequo
1193 2350 1328 2430 pecie

382 2438 384 2440 ’
1270 2435 1328 2475 m
