1638 2678
326 89 796 148 BIBLIOTHECA
831 89 1121 143 GRAECA·
1271 107 1292 148 ι
1303 109 1323 144 2
1338 110 1363 154 ς’

86 244 178 284 mo
199 231 248 284 ὅ(
272 231 564 285 undecimo.
632 228 941 285 Dedicatum
963 226 1207 285 Conrado
1229 230 1352 281 Wi-

86 298 230 356 d0w‚
266 302 405 370 Reip.
419 297 604 354 Ham-b.
629 300 874 353 senatori.

150 366 265 421 Vol.
280 372 342 422 X.
375 369 462 422 seu
496 366 783 420 Bibliothecae
813 368 979 420 Graecae
1008 365 1194 435 reliqua
1229 363 1346 415 Par-

82 437 142 489 uie
162 436 339 488 ultimae
362 437 489 488 Lebri
518 437 565 487 V.
599 438 746 499 <C.41
763 443 899 501 -45.)
929 436 1006 487 ubi
1035 435 1092 485 de
1123 432 1350 500 Etymolo·

79 505 182 573 gico
207 507 274 557 M.
310 503 364 567 ες
391 508 545 556 ceteris
583 505 757 555 Lexicis
785 506 941 571 graecic
956 540 973 561 ,
1010 502 1215 553 maxime
1237 517 1349 552 vero

2 600 7 613 ε
79 573 139 625 de
149 573 448 640 Scriptort'bus
471 572 629 624 mediae
648 570 701 633 εἰ
711 575 882 641 infimae
895 572 1074 624 Craeciae
1095 566 1349 637 diffiritur.

80 641 271 695 Accedit
291 654 463 708 praeter
497 642 729 694 Lexicon
766 645 818 692 in
858 637 1217 695 Odiateuchum,
1256 639 1350 688 Ho-

80 709 264 761 miliam
281 708 491 762 Andreae
517 707 766 763 Cretensis
788 709 845 760 de
867 708 1093 773 Pharisaeo
1118 706 1170 769 ες
1193 705 1349 758 Publi-

81 795 198 831 cano
214 813 236 835 ,
287 777 480 846 aliaque
507 778 711 829 aliorum
740 777 920 829 inedita
952 771 1306 844 Apifioasnmtia
1329 792 1348 831 ‚-

80 846 274 900 Leonis
291 844 466 899 Allatii
484 846 707 898 Diatriba
719 846 775 897 de
788 847 1011 912 Georgit‘s,
1043 840 1346 908 notultsstcp-

0 931 1 938 ¹
70 913 305 983 plemento
326 913 378 976 ες
400 914 551 966 indice
571 914 816 978 illustrata.
887 912 1251 965 Praemittumur
1268 912 1347 961 In-

76 982 203 1035 dices
243 986 292 1047 1)
308 985 705 1050 Homonymorum
735 983 1024 1048 Scriptorum
1058 980 1110 1043 εἴ
1146 984 1201 1044 2)
1218 978 1347 1030 Indi-

0 1071 1 1074 *
77 1067 184 1103 cum
206 1050 256 1100 in
279 1051 536 1117 Scriptores
560 1053 766 1108 Graecos,
794 1064 881 1118 per
907 1053 964 1103 X.
997 1049 1238 1099 Volumina
1260 1046 1347 1098 hu-

63 1115 146 1184 jus
176 1118 463 1170 Bibliothecae
491 1117 782 1185 sparsorum.
840 1116 1028 1171 Hamb.
1066 1117 1237 1169 sumtu
1273 1118 1346 1168 vi-

75 1185 185 1240 duae
206 1186 527 1240 Liebezeitiae
560 1186 609 1239 <51
632 1186 840 1240 Theod.
867 1185 1157 1255 Christoph.
1183 1182 1345 1253 Felgi-

74 1272 167 1308 ner
196 1274 393 1321 1721.4.
415 1254 566 1324 Alph.
583 1258 664 1308 IV.
680 1255 840 1325 plagg.
855 1275 900 1318 9.
937 1254 1343 1316 Dedicatumjo-

75 1323 232 1377 hanni
248 1322 537 1391 LanghanS‚
551 1326 691 1391 Reip.
709 1323 895 1376 Hamb.
910 1325 1136 1376 Senatori
1156 1323 1339 1391 primo,

101 1432 107 1436 .
140 1390 258 1444 Vol.
282 1394 368 1445 XI.
405 1391 493 1444 seu
514 1392 799 1444 Bibliothecae
822 1394 985 1443 Graecae
1007 1393 1135 1443 Libri
1161 1394 1201 1442 V
1205 1393 1242 1441 l.
1264 1406 1343 1443 ca-

65 1460 239 1528 pita‘4.
256 1463 448 1527 priora,
477 1461 636 1527 quibus
657 1476 949 1512 enarrantur
969 1461 1247 1512 collec'liones
1268 1474 1343 1511 ca-

71 1545 247 1579 nonum
269 1533 438 1580 veteru·
470 1527 670 1591 Ecclefiae
692 1528 743 1591 εἰ
765 1530 1073 1580 Οοηειίὶονιιηι
1105 1543 1206 1579 tam
1239 1529 1342 1578 uni-

69 1595 328 1662 vershlium
350 1613 496 1666 quant
513 1597 913 1663 particularium,
949 1615 1031 1649 nec
1049 1615 1139 1647 non
1160 1596 1218 1647 de
1246 1596 1342 1661 epi·

60 1662 190 1729 stola
213 1682 269 1716 ac
288 1665 480 1716 decretis
504 1666 783 1729 Pontificum
813 1665 944 1716 Rom.
981 1667 1151 1715 notitia
1185 1663 1343 1714 tradi-

71 1747 171 1783 tur·
242 1733 432 1785 Accedit
446 1748 621 1800 praeter
649 1734 944 1800 Synodicon
973 1737 1133 1787 Vetus
1154 1733 1343 1799 pridem

23 1807 25 1810 '
69 1801 121 1852 in
142 1801 292 1852 lucem
312 1801 478 1853 datum
504 1806 561 1854 A.
588 1804 639 1852 B.
666 1805 729 1853 D.
741 1803 927 1862 Joanne
951 1804 1126 1870 Pappo,
1149 1804 1341 1855 Deme-

70 1871 157 1921 trii
180 1871 419 1939 Procopii
447 1870 709 1922 Macedonis
743 1870 1078 1938 Moschopolt'tae
1099 1870 1342 1937 fitcoinc‘la

12 1981 15 1999 ,
71 1938 375 1990 Eruditorum
393 1955 650 2005 graecorum
657 1939 915 2005 superioris
936 1957 994 1997 ac
1007 1938 1242 2006 praest’ntt's
1250 1936 1342 2004 fle·-

72 2005 168 2057 culi
189 2005 410 2064 recensio,
446 2024 571 2058 nunc
582 2008 796 2073 primum
828 2007 954 2058 edita
980 2026 1127 2074 graece
1151 2007 1205 2070 εἴ
1228 2007 1341 2058 lati-

10 2120 11 2137 }
69 2091 142 2124 ne.
177 2073 366 2128 Hamb.
401 2075 572 2128 sumtu
601 2074 811 2129 Theod.
842 2075 1136 2144 Christoph.
1177 2073 1344 2142 Felgi-

71 2158 176 2194 ner.
215 2161 356 2207 1722.
377 2162 423 2210 4.
470 2142 623 2212 Alph.
647 2146 729 2196 IV.
808 2143 836 2196 l.
864 2163 940 2198 10.
1029 2143 1345 2197 Dedicatum

15 2221 18 2234 '
69 2213 258 2272 Joanni
278 2211 527 2270 Nicolao,
557 2211 751 2265 Alexan
793 2215 834 2264 ri
855 2216 906 2265 F.
934 2211 1353 2270 Maurocordato

12 2276 27 2344 ἐξ
74 2277 139 2329 de
163 2279 384 2354 Sem-lati,
406 2281 568 2336 totius
582 2283 876 2352 ‘Hungaro-
892 2281 1176 2336 Walachiae
1199 2282 1342 2336 Prin-

0 2307 17 2440 's'
72 2348 191 2416 cipi.

1222 2415 1340 2493 Vol.
