1638 2678
288 137 354 188 86
420 127 705 181 FABRICII
733 126 938 182 AMOR
971 129 1151 182 ERGA
1185 128 1401 183 ALIOS.

284 271 448 327 verat,
483 271 542 313 ut
585 256 738 314 facile
775 274 1033 330 appareat,
1067 257 1232 313 refelli
1276 262 1552 330 opiniones

283 327 423 399 poffe
444 328 591 381 illaesa
615 328 932 381 humanitate
957 330 1006 382 ἃ
1035 330 1271 381 amicitia.
1347 331 1474 399 Qo
1497 333 1553 383 in

282 413 468 467 genere
511 398 744 464 inprimis
792 396 999 450 Baelium
1048 410 1198 465 atque
1227 396 1552 451 Leibnitium

282 464 646 518 commendare
690 464 913 533 solebat,
950 463 1017 519 fic
1038 465 1351 535 disputantes
1394 478 1451 517 ut
1496 469 1552 519 in

282 532 566 587 adversario
587 550 709 586 curn
729 536 936 586 veritate
970 534 1019 587 61
1051 550 1282 587 amorem
1316 547 1549 600 augeant.

282 604 489 654 Errores
513 601 724 668 quidem
746 601 991 667 aliorum,
1028 605 1116 670 qui
1132 602 1549 655 instituto&sen-

279 670 493 722 fentiisi
531 667 627 723 fius
652 668 819 722 obeffe
852 670 1178 738 videbantur,
1213 687 1322 723 non
1352 683 1548 738 praeter-

278 735 412 791 mifit
436 686 723 805 fabriciu&
762 749 950 791 ceteras
980 737 1182 806 sordeS‚
1217 757 1328 806 quae
1352 736 1568 793 nullam

277 808 332 859 in
356 809 536 859 itinere
567 823 820 859 remoram
854 807 1175 874 injiciebant,
1209 807 1322 859 aliis
1352 807 1546 874 quibus

275 873 331 927 id
376 874 567 943 volupe
610 874 678 927 est
709 874 894 928 lubens
925 875 1276 944 expurgandas
1319 875 1545 943 reliquit.

275 944 333 995 In
356 941 596 994 doctrinae
618 959 740 995 vero
762 942 1054 996 Christianae
1086 944 1166 996 via
1198 945 1331 1011 regia
1367 942 1545 997 manfit

274 1008 407 1078 ipse,
442 1008 676 1077 aliosque
699 1023 754 1063 ut
775 1010 916 1063 idem
937 1009 1160 1065 facerent
1181 1012 1303 1080 saepe
1323 1029 1543 1065 numero

276 1075 457 1130 audior
490 1077 694 1145 exstitit.
773 1082 953 1146 Neque
982 1079 1112 1132 adeo
1141 1079 1203 1133 ab
1236 1083 1382 1131 omni
1414 1097 1543 1134 con-

274 1143 508 1198 troversia
532 1145 802 1213 abstinuit,v
849 1146 983 1199 lures
1006 1145 1361 1212 proculdubio
1378 1147 1541 1202 susce-

274 1226 483 1282 pturus,
524 1211 559 1266 fi
588 1213 737 1267 illum
772 1231 796 1267 a
865 1214 1151 1268 docendam
1185 1214 1543 1284 Theologiam

274 1280 447 1334 divina
469 1282 789 1350 providentia
815 1282 1046 1336 adhiberi
1070 1282 1317 1336 voluisset.
1386 1287 1541 1339 Nunc

272 1365 441 1415 neque
471 1351 774 1403 muneribus
809 1350 932 1413 istis,
967 1368 1132 1417 neque
1162 1351 1534 1415 controverfii8‚

271 1419 424 1470 etiam
446 1434 567 1469 cum
581 1417 730 1471 laude
744 1418 794 1471 ἃ
805 1418 1066 1471 honestate
1079 1418 1343 1487 agitandiS‚
1359 1419 1539 1473 defue-

270 1497 391 1538 runt
413 1485 684 1555 Theologi
707 1484 863 1541 doffl.
934 1488 1015 1541 Ut
1033 1504 1157 1540 vero
1187 1504 1368 1541 omnes
1398 1506 1539 1542 erro-

271 1570 350 1605 res
372 1552 591 1620 quilibet
611 1556 701 1621 qui
733 1554 920 1624 potest,
952 1557 1106 1607 etiam
1140 1568 1279 1608 extra
1308 1560 1537 1611 muneris

269 1623 551 1687 rationem,
584 1639 877 1692 oppugnare
933 1635 1175 1690 conetur,
1206 1641 1311 1677 non
1371 1627 1536 1694 magis

270 1688 514 1756 equidem
551 1689 804 1744 necessum
838 1690 1078 1753 arbitror,
1102 1708 1256 1757 quam
1277 1706 1333 1744 ut
1354 1695 1406 1744 in
1433 1695 1570 1752 vita,

270 1756 413 1810 civili
438 1757 677 1812 militiam
702 1757 1069 1828 amplectantur
1091 1776 1272 1812 omnes
1296 1763 1386 1827 qui
1420 1761 1538 1830 poss-
1559 1758 1585 1766 ’“

269 1824 414 1885 sunt3
447 1842 613 1892 neque
636 1829 690 1879 in
718 1828 1009 1880 universum
1045 1826 1187 1893 quod
1214 1845 1293 1880 res
1328 1831 1380 1880 in
1413 1830 1535 1880 viri-

268 1892 368 1946 bus
394 1890 548 1962 pofita
581 1892 664 1954 fit,
701 1896 830 1948 ratio
865 1894 1119 1947 sufficiens
1140 1898 1268 1948 Viro
1295 1895 1535 1964 prudenti

267 1960 366 2026 est,
401 1978 494 2013 cur
538 1960 627 2015 fibi
672 1962 725 2015 id
761 1962 926 2032 ipsum
962 1963 1219 2031 agendum
1248 1965 1532 2017 arbitretur.

173 2054 176 2058 ¹
265 2029 507 2095 Denique
527 2042 606 2082 tot
627 2030 820 2083 exstant
842 2031 1056 2083 Fabricii
1082 2043 1391 2084 nontantum
1408 2034 1459 2084 in
1474 2032 1534 2085 li-
1616 2082 1617 2094 2

265 2108 421 2162 teraS‚
458 2114 636 2150 verum
659 2097 709 2150 &
743 2100 797 2150 in
827 2116 932 2151 rem
967 2098 1300 2152 Christianam
1335 2103 1533 2168 merita,
1616 2110 1617 2155 l

268 2176 327 2217 ut
349 2165 438 2232 qui
461 2163 547 2218 illa
573 2182 678 2217 non
701 2166 896 2234 videat,
932 2166 1100 2220 videat
1120 2179 1290 2219 autem
1305 2185 1413 2234 quae
1434 2168 1532 2222 suo
1616 2168 1617 2183 *

267 2232 465 2299 judicio
513 2230 779 2298 defideret,
812 2246 899 2288 aut
942 2234 1299 2304 reprehendat,
1329 2238 1373 2288 is
1421 2254 1532 2289 non
1616 2283 1617 2293 2

266 2317 349 2355 ma
389 2318 448 2352 na
474 2301 525 2354 ἃ
547 2299 733 2367 multa,
753 2302 841 2358 sed
874 2304 1049 2360 omnia
1078 2303 1142 2358 ab
1173 2319 1280 2359 uno
1311 2307 1530 2360 homine
1616 2317 1617 2332 ³

267 2385 339 2440 po
420 2367 521 2426 lare
538 2369 782 2427 videatur.
1372 2440 1400 2510 §
1440 2432 1443 2434 ,

1405 2480 1415 2492 .
1452 2458 1528 2507 33.
