1638 2678
63 403 158 458 mst,

60 463 234 560 ξζζέζῖ
249 478 346 546 sca,
376 492 487 534 tum
511 483 665 535 nostri
689 483 796 549 aevi,
819 501 877 536 ac
890 483 1125 538 litteraria
1137 486 1382 551 etiam‚ad
1394 503 1519 540 eum

130 1308 141 1319 ·
239 1296 397 1338 tunos
419 1281 509 1337 fibi
536 1285 770 1338 censores
790 1296 937 1345 natos
957 1283 1052 1336 effe
1066 1287 1320 1350 queritur3
1355 1301 1522 1351 quem
1612 1295 1613 1298 ’

252 137 350 189 278
459 131 814 193 JVNCKEVS.
851 132 1315 189 -KETTNERvs

458 299 901 355 CHRISTIANVS
932 302 1323 363 JVNCKERVS.

318 412 419 478 „Id
442 429 556 482 ago,
594 425 651 466 ut
675 413 879 477 Historia
903 415 1237 480 Ecclesiastico,
1270 428 1383 470 tum
1417 419 1519 487 pri·
1626 356 1638 472 1

246 566 447 602 morem
467 592 483 617 ,
532 567 639 617 quo
661 553 770 605 vita
784 551 999 605 Lutheri
1032 552 1255 622 expofita
1278 555 1350 606 est
1369 596 1385 621 ,
1431 572 1520 607 nu·
1610 555 1621 567 '

245 622 515 669 mismatum
534 625 837 671 monumentis
862 621 1105 689 peculiari
1128 639 1283 691 opere
1301 621 1516 680 illustre·
1623 663 1626 666 »

243 696 341 739 tur.
413 689 585 762 Qam
612 690 664 760 ign
680 705 803 755 rem,
817 701 989 757 praeter
1007 706 1090 742 eas
1104 707 1213 756 quae
1233 692 1333 752 iam
1355 688 1518 744 colle·
1610 682 1626 761 sj

244 751 336 812 &ae
358 753 488 822 sunt,
524 755 695 824 plures
716 759 870 809 etiam
892 760 1140 826 imagines
1162 776 1229 811 ex
1253 757 1380 813 urbe
1411 762 1517 812 Ro·
1616 816 1627 827 *s

243 838 327 875 ma
351 820 560 878 fuerunt
581 823 688 879 huc
720 824 933 880 miffae.“
1002 826 1192 881 lsenaci
1206 825 1262 880 d.
1292 846 1367 892 ις.
1391 831 1522 898 Apri
1611 894 1627 935 ²

248 907 271 946 Ι
280 908 393 960 709·
1612 966 1628 1015 ’ἱ

467 1037 643 1088 FRJD.
680 1001 824 1090 mv.
859 1037 998 1089 KET
1007 1037 1179 1088 TNER
1187 1037 1276 1088 Vs.
1618 1018 1627 1064 ³

331 1150 367 1208 †
406 1148 487 1201 De
521 1147 625 1200 suis
658 1143 873 1200 vindiciis
910 1148 1047 1198 novis
1078 1148 1131 1209 ες
1164 1145 1371 1211 Historia
1400 1119 1522 1198 aaz
1609 1113 1625 1175 ”³

155 1249 163 1261 ι
246 1233 268 1268 1
294 1215 413 1280 Joh.
440 1219 496 1268 V.
521 1234 568 1281 7.
594 1216 657 1269 ad
679 1216 967 1269 Fabricium
1002 1215 1175 1268 scribit
1193 1258 1209 1282 ,
1247 1215 1296 1268 ἃ
1320 1218 1513 1286 impor·
1612 1256 1614 1258 ,

238 1352 501 1406 Fabricius
521 1349 754 1421 fingulari
778 1370 807 1405 e
843 1352 1005 1419 istola,
1041 1353 1189 1418 cujus
1211 1351 1511 1420 exemplum

238 1418 496 1486 adjeRum
518 1423 735 1490 reperi0,
768 1437 794 1473 a
836 1432 1012 1473 monet
1046 1431 1102 1471 ut
1128 1419 1228 1472 hos
1250 1419 1429 1473 Zoilos
1450 1417 1510 1473 fi·
1600 1423 1605 1426 ’

235 1489 401 1542 lentio
426 1488 475 1542 ἀ
499 1501 766 1542 contemtu
798 1487 1069 1541 ulciscatur
1090 1530 1105 1553 ‚
1139 1490 1392 1556 erigitque
1423 1487 1512 1541 ad·
1604 1485 1610 1554 s

233 1558 426 1627 scripto
459 1556 761 1627 benigniore
806 1557 1006 1624 judicio
1037 1555 1345 1619 jesuitarum
1377 1559 1511 1609 Tre·
1602 1569 1610 1583 '

232 1622 563 1679 voltienfium
600 1644 743 1693 1714.
768 1624 909 1678 Febr.
939 1641 989 1693 p.
1014 1634 1125 1677 216·
1156 1622 1304 1677 fimul
1339 1635 1514 1678 autem
1598 1631 1606 1682 ,’

233 1694 363 1760 quid
396 1694 501 1762 ipse
534 1693 592 1745 de
617 1693 899 1760 praefatione
926 1694 977 1743 in
1004 1690 1222 1758 Epistulas
1254 1693 1513 1744 Canonicas
1599 1695 1604 1700 ’

230 1765 414 1815 Hieron
447 1780 520 1812 mo
540 1763 723 1812 tributa
739 1798 758 1818 ,
793 1771 945 1828 atque
978 1759 1043 1812 de
1065 1771 1368 1829 argumento
1389 1759 1512 1813 inde

232 1830 299 1884 ad
332 1830 383 1883 di
443 1847 530 1883 um
563 1829 890 1892 Johanneum
914 1826 1156 1880 translato
1189 1829 1384 1895 sentiat,
1418 1845 1511 1880 ex·
1607 1892 1609 1894 ,

228 1901 382 1968 ponit
398 1915 408 1947 ε
423 1940 456 1965 ,,
498 1896 577 1952 Ut
596 1914 752 1966 porro
770 1897 820 1950 61
845 1897 978 1965 ipse,
1011 1895 1139 1962 quid
1161 1896 1217 1946 de
1237 1898 1318 1965 illa
1338 1895 1512 1963 praefa-
1596 1902 1606 1938 ’-

227 1970 356 2018 tione
374 1968 425 2017 in
448 1965 669 2032 Epistolas
691 1966 949 2018 canonicas
971 1962 1105 2016 mihi
1129 1963 1370 2028 videtur,
1384 1980 1511 2030 pau·
1592 1979 1605 2019 -:

227 2037 305 2088 cis
338 2032 645 2103 perscribam
670 2075 686 2100 ‚
729 2030 894 2086 fateor
923 2033 1185 2098 neutiqam
1221 2030 1523 2101 apodistica¹

225 2101 326 2157 effe
351 2113 646 2171 argumenta
667 2102 857 2168 quibus
882 2103 927 2152 S.
942 2101 1267 2165 Hieronymo
1290 2098 1376 2151 illa
1407 2101 1509 2152 eri·

226 2172 383 2241 pitur.
429 2171 595 2222 Etiam
607 2168 698 2221 sub
714 2169 1023 2236 Hieronymi
1036 2167 1246 2235 persona
1266 2167 1506 2236 scriptam
1588 2176 1597 2180 ’

226 2238 292 2292 ad
305 2236 659 2301 Eustochium,
673 2236 721 2288 ἃ
735 2238 1061 2303 Hieronymo
1080 2235 1322 2288 tributam
1336 2253 1362 2289 a
1375 2238 1509 2289 Cor·
1583 2293 1586 2296 ,

224 2306 568 2360 tectoriorum
591 2303 909 2359 Biblicorum
933 2301 1292 2372 scriptoribuS,
1327 2321 1353 2356 a
1384 2306 1505 2359 Lira

219 2374 462 2445 aliisque,
485 2373 536 2430 ἃ
557 2384 671 2430 ante
693 2372 792 2428 hos
813 2373 871 2426 in
891 2388 999 2428 non
1017 2373 1195 2444 paucis
1213 2371 1505 2499 Codiclibgs
1592 2382 1606 2385 ²

1065 2466 1073 2467 ff
1410 2455 1437 2495 a
