1638 2678
241 103 306 157 '22
412 105 596 159 FABR.
631 103 937 159 PRAECOX.
972 107 1326 161 ERVDITVS.

230 215 444 287 'erudite
479 231 688 299 quidem
713 232 762 284 ἃ
787 251 932 300 vere,
970 235 1055 288 sed
1091 236 1320 304 liberius,
1357 240 1511 290 Viros

243 303 387 356 noni
430 301 630 353 nobiles
652 299 998 368 castigaverat3
1034 305 1175 370 quod
1205 322 1359 373 quam
1392 303 1513 358 alie-

236 386 371 438 num
419 371 550 422 uerit
570 368 632 421 ab
654 369 828 420 animo
850 370 960 436 ejus
985 371 1117 424 virili
1143 390 1200 426 ac
1235 373 1407 438 senili,
1439 385 1515 425 te-

245 438 436 491 stantur
468 437 582 489 satis
617 454 724 502 quae
757 434 911 490 fronti
943 435 1099 507 hujus
1141 441 1299 494 libelli
1338 441 1512 511 postea

246 502 524 573 adscripsit,
558 506 609 556 in
630 504 820 570 quibus
843 520 1015 575 praeter
1036 507 1131 562 alia
1151 509 1256 563 haec
1283 512 1414 576 lunt,
1445 527 1514 562 ex

245 577 461 640 Seneca,
493 572 821 634 Troadibus:
864 577 1089 635 Juvemle
1115 581 1284 628 vitium
1316 580 1406 642 est,
1441 595 1514 628 re-

235 659 353 710 gere
365 658 456 692 non
473 639 590 709 poffi‘
612 642 847 705 impetum.
918 645 1099 695 AEtatis
1119 646 1236 696 alios
1243 645 1418 712 fervor
1439 645 1515 697 hic

241 712 408 777 primae
430 723 572 774 raptt.
644 707 828 762 Addit:
867 714 965 762 D„
975 712 1181 775 juvante
1201 715 1396 766 conabor
1419 713 1514 766 ἅλ-

247 791 384 832 λοισιν
418 774 579 831 ἐσθλοῖς
613 774 736 830 vc'vd’
782 780 1048 837 οὶπωθέἆιθτη
1093 781 1256 847 ψέγων.
1349 780 1514 857 Qod

248 863 371 898 cum
395 845 667 913 praestiterit
689 843 915 911 abunde,
950 847 1199 901 habemus
1214 852 1513 917 potiuS‚cur

246 913 572 967 licentiorem
604 913 856 976 impetum
889 915 1166 976 iuventutis
1200 920 1324 970 Viro
1359 918 1515 970 beato

226 980 574 1061 gratulemur.
645 983 776 1032 Nam
800 980 902 1034 hoc
915 984 1026 1052 ipso
1038 983 1280 1039 effectum
1293 986 1377 1052 est,
1390 1004 1513 1039 cum

246 1066 472 1121 primum
513 1048 563 1100 se
597 1049 844 1115 represfit,
881 1063 937 1102 ut
971 1070 1059 1117 per
1097 1058 1308 1107 omnem
1337 1056 1513 1106 ‘vitam

249 1117 312 1170 ab
336 1115 530 1176 acerbis
555 1114 773 1168 aliorum
795 1117 1016 1171 censuris
1041 1116 1405 1186 abstinendum¹
1422 1120 1514 1174 fibi

247 1184 484 1249 duceret,
519 1183 570 1236 ἃ
591 1183 822 1237 censuras
854 1186 1109 1251 ejusmodi
1142 1190 1194 1241 in
1228 1190 1276 1242 se
1307 1188 1514 1256 jactatas

247 1252 361 1306 aliis
395 1249 540 1304 facile
573 1252 914 1320 condonaret,
948 1256 1119 1322 itaque
1144 1255 1243 1309 fine
1275 1256 1515 1310 offenfio-

235 1329 313 1374 'ne
337 1321 644 1387 cujusquam
667 1319 850 1372 blande
873 1323 1136 1376 monendo
1161 1322 1364 1378 felicius
1396 1342 1515 1378 cor-

245 1391 431 1451 rigeret
465 1386 626 1452 alios,
672 1390 866 1441 monita
899 1390 1117 1443 aliorum
1153 1410 1299 1459 aequo
1335 1396 1512 1446 animo

246 1456 564 1520 admitteret,
595 1472 689 1508 nec
723 1455 917 1524 scriptis
949 1459 1275 1513 contentiosis
1307 1473 1512 1531 tempus

244 1523 486 1581 terendo,
521 1521 682 1576 bonas
704 1522 856 1577 horas
890 1525 1209 1583 elaborandis
1230 1541 1308 1580 tot
1328 1546 1516 1584 monu-

196 1617 198 1619 ·
243 1595 433 1650 mentis
457 1603 653 1646 aetatem
671 1590 848 1647 laturis
871 1597 999 1665 eripi
1023 1593 1112 1650 fibi
1131 1599 1396 1666 pateretur.

780 1718 822 1788 §4
899 1739 974 1774 10.

312 1794 512 1875 Qodfi
545 1798 661 1864 quis
695 1796 776 1850 vel
812 1799 1191 1852 Differtationes
1240 1798 1351 1852 illas
1386 1814 1515 1866 quas

245 1869 794 1933 commemoravimuS,
828 1870 1094 1936 praeIertim
1108 1884 1232 1920 vcro
1255 1867 1515 1920 Decadem

245 1931 512 1986 Decadum
540 1951 661 1986 cum
693 1935 926 1998 adjunera
959 1935 1164 1988 historia
1196 1938 1516 1988 Lexicorum

244 2005 537 2055 Graecorum
559 2004 647 2053 ins
671 2005 856 2067 exerit,
892 2022 953 2055 ex
976 2003 1182 2073 copiosa
1202 2002 1444 2056 Austoris
1462 2001 1516 2056 ὅτ

235 2070 364 2123 ‘cum
387 2068 588 2136 judicio
621 2019 806 2138 digesta
844 2070 1064 2124 lediione
1095 2070 1231 2123 haud
1267 2073 1515 2139 gravatim

192 2169 214 2207 ,-
236 2137 522 2205 intelliget,
555 2149 750 2190 aetatem
774 2139 850 2191 illi
878 2141 1148 2192 florentem
1169 2156 1272 2190 non
1295 2140 1347 2190 in
1362 2137 1516 2191 molli

244 2207 386 2270 otio,
427 2208 655 2271 interque
681 2205 985 2260 luxuriantis
1007 2209 1289 2273 juventutis
1310 2208 1520 2258 conior-

245 2276 316 2327 tia
341 2271 623 2325 traduciani
659 2272 769 2327 effe.
839 2275 1055 2328 Facilius
1087 2274 1281 2340 credet,
1316 2274 1521 2327 causam

242 2340 645 2399 fuine-samueli
677 2342 975 2413 Schmidio‚
1008 2345 1177 2398 curin
1196 2343 1522 2409 Literis-luis
1606 2387 1608 2389 ,

1451 2409 1518 2465 ad
