1638 2678
272 133 331 190 fg
615 127 900 182 FAssmcn
933 116 1203 183 sTvnlA.

267 257 434 313 sermo
454 261 507 311 in
529 258 739 325 aliquod
762 258 887 311 utile
901 258 1166 313 confilium
1183 259 1379 325 incidit,
1391 256 1538 326 quod

269 326 524 447 plerisque
546 345 608 379 ne
634 327 843 393 quidem
869 330 1042 379 venire
1064 331 1116 380 in
1138 341 1364 381 mentem
1388 325 1537 379 intel-

288 396 505 465 igebam.
576 398 656 448 Sic
680 396 890 447 memini
919 412 1041 448 eum
1063 414 1109 448 ν.
1133 414 1181 465 g.
1204 396 1339 448 haud
1358 396 1536 447 raroin

266 463 547 528 colloquiis
579 465 789 530 mirari,
843 480 934 515 cur
964 463 1216 516 medicina
1254 464 1303 516 ἃ
1349 477 1537 515 naturae

265 531 440 585 scienti
447 548 470 583 a
492 543 594 583 tam
611 530 774 582 lentos
788 543 986 600 caperet
998 530 1279 601 progressus
1293 529 1312 585 ?
1350 532 1539 607 Qod-

263 597 328 666 fi,
363 601 558 666 inquit,
594 595 775 667 singuli
797 598 1118 652 medicorum
1139 599 1237 651 filii
1263 600 1385 652 inde
1408 618 1432 651 a
1455 599 1538 664 ju-

264 680 474 721 ventute
507 666 588 719 vel
619 684 770 719 unam
809 666 1028 735 plantam
1053 710 1069 734 ,
1125 684 1284 719 unum
1320 665 1536 733 animas,

266 752 431 788 unum
451 733 694 786 minerale
715 733 988 801 diligenter
1011 735 1412 804 investigandum
1442 734 1537 788 fibi

263 803 546 869 sumserint,
581 815 668 855 aut
689 802 928 871 ambigue
950 804 1230 856 venditatas
1254 820 1535 872 corporum

264 875 399 924 vires
424 889 468 923 v.
492 889 540 939 g.
566 871 956 939 sympatheticas
979 888 1104 938 quas
1137 884 1350 937 vocant,
1380 888 1536 938 expe-

263 940 496 992 timentis
518 936 899 1005 circumspedh's
927 938 1018 991 sub
1038 955 1253 991 examen
1283 941 1533 1006 vocarint,

261 1007 405 1061 brevi
448 1023 545 1059 nos
584 1006 953 1059 absolutiorem
993 1006 1255 1059 historiam
1289 1006 1340 1059 ἃ
1369 1006 1535 1059 scien-

259 1078 385 1128 tiam
406 1087 587 1126 naturae
609 1074 1062 1140 artil‘iquel‘alutaris
1077 1075 1360 1128 habituros.
1406 1078 1534 1127 Haec

260 1143 311 1197 ἀ
335 1143 429 1196 alia
454 1141 610 1207 hujus
644 1144 844 1211 generis
882 1141 1098 1211 plurima
1134 1160 1256 1195 cum
1294 1141 1419 1210 saepe
1450 1145 1531 1194 in-

259 1211 511 1282 spergeret
556 1209 878 1263 sermonibus
927 1209 1160 1278 confilia,
1194 1211 1245 1263 &
1295 1213 1534 1277 privatim

297 1296 471 1346 uoque
492 1279 643 1330 variis
667 1276 1045 1346 suppeditasset,
1079 1295 1137 1330 ac
1158 1294 1262 1330 non
1292 1277 1393 1330 fine
1424 1276 1534 1331 fru-

314 1365 344 1399 u
367 1346 573 1416 publice
593 1348 811 1414 proponi
839 1343 975 1414 posse
1013 1346 1263 1412 judicaret
1296 1346 1429 1415 ipse,
1464 1363 1533 1399 eo

254 1424 426 1468 tamen
448 1417 694 1483 praecipue
715 1413 777 1466 ab
800 1414 1033 1473 instituto
1065 1413 1114 1466 se
1146 1416 1347 1466 avocari
1379 1413 1532 1482 dixit,

255 1482 400 1550 quod
422 1481 627 1534 confilia
652 1481 906 1547 ejusmodi
935 1479 1064 1534 bene
1085 1481 1242 1534 multa
1266 1481 1327 1534 ab
1359 1480 1531 1534 adole-

252 1551 514 1606 scentibus
536 1549 725 1617 quibus
749 1551 1004 1618 impertita
1040 1547 1264 1611 fuerant,
1298 1549 1531 1617 negleGa

253 1618 352 1685 effe
374 1619 611 1680 senserat,
643 1619 691 1670 ὅ(
715 1635 873 1687 prope
896 1615 1222 1670 necessarium
1256 1616 1530 1670 arbitraba-

253 1699 361 1752 tur,
397 1699 454 1739 ut
475 1688 565 1754 qui
591 1685 826 1739 lubenter
847 1685 895 1738 ἃ
920 1702 1039 1738 cum
1065 1684 1298 1738 studioin
1315 1685 1530 1751 aliquod

253 1754 544 1809 institutum
564 1754 861 1807 incumbere
888 1754 1104 1820 debent,
1137 1751 1227 1823 ipsi
1259 1753 1438 1822 sponte
1471 1755 1529 1807 in

254 1840 368 1878 eam
389 1824 760 1892 cogitationem
790 1822 1102 1876 devenerint.

62 2036 205 2078 trudi·
268 2044 272 2047 ’
320 2026 582 2081 Fabricius
606 2038 740 2080 certe
762 2026 866 2096 ipse
890 2024 981 2081 fibi
1001 2025 1318 2095 potiffimum
1345 2024 1453 2078 dux
1474 2024 1528 2079 δι

61 2095 205 2156 mnis,
257 2095 437 2149 audior
467 2093 799 2149 consiliorum
829 2092 960 2153 fuit,
996 2112 1163 2161 eoque
1194 2097 1443 2148 maturius
1475 2094 1529 2147 ἀ

55 2161 222 2254 srjffm
256 2165 503 2217 intentius
527 2166 581 2216 in
596 2163 836 2216 ornandis
849 2161 1006 2216 literis
1024 2161 1316 2216 elaboravit.
1386 2165 1530 2215 Hinc

58 2221 236 2307 „2¹53”
257 2230 554 2285 antecellere
586 2230 980 2284 commilitones
1009 2230 1160 2297 suOS,
1202 2230 1326 2283 hinc
1355 2228 1530 2282 multi-

55 2314 230 2367 specimi-
291 2299 447 2354 licem
502 2299 782 2355 lestionem
823 2299 1065 2368 prodere,
1102 2298 1227 2351 hinc
1277 2298 1529 2366 magistris

53 2386 119 2415 na·
277 2371 358 2423 uis
380 2367 430 2443 ἀ
452 2370 636 2423 ceteris
659 2368 796 2423 Viris
830 2365 1000 2442 dostis
1027 2367 1345 2421 innotescere
1358 2396 1382 2435 ‚·
1408 2381 1530 2434 pro·
1618 2419 1620 2421 ,

1387 2435 1525 2502 bari,
