1638 2678
527 112 926 189 GRODDECK.
1264 126 1357 177 271

98 209 1359 231 -.-...-....—--..---—-—-——-——--

34 228 35 293 Τ
86 275 208 311 cum
229 255 354 311 vers.
378 255 429 308 ἀ
451 254 602 314 notis
623 249 883 305 Gaulmini
918 270 964 306 2.
987 249 1050 303 de
1071 260 1239 303 morte
1263 252 1362 302 Aa·

4 392 7 394 v
33 335 36 394 i
86 328 227 380 ronis
248 341 371 377 cum
394 323 515 376 verti
541 320 852 374 Groddeckii
873 337 937 373 ex
950 322 1058 372 MS.
1086 337 1126 383 3.
1142 317 1361 371 Parabo-

87 394 159 447 las
182 391 418 447 Sandaler
437 406 557 443 cum
580 389 700 443 veri)
721 388 770 441 ἃ
798 389 935 440 notis
966 385 1175 440 ineditis
1200 385 1359 438 Gaul-

86 464 217 516 mini
236 480 284 528 4.
309 459 526 513 Librum
549 457 730 510 Enoch
752 473 873 510 cum
885 454 1047 522 ejusd.
1061 454 1182 508 vers.
1198 453 1248 507 ἃ
1261 471 1360 508 no-

86 534 152 584 tis
174 528 384 583 ineditis
413 548 451 591 5.
466 524 729 580 Parabolas
753 527 904 595 Regis
924 522 1213 577 Salomonis
1236 540 1359 578 cum

88 598 209 652 veri]
233 594 546 650 Groddeckii
570 604 614 646 6.
631 594 908 646 Historiam
933 591 1359 659 Hierosolymita-

88 684 206 727 nam
229 682 351 720 cum
381 663 503 718 veri]
530 662 866 730 Wagenseilii
899 679 944 725 7.
973 660 1162 713 librum
1194 658 1359 713 Eldad

34 775 35 781 ,
87 734 308 790 haddani
332 750 454 787 cum
476 732 595 785 veri:
616 729 937 784 Bartoloccii.
1008 740 1052 788 8.
1087 731 1360 796 Fragmen-

0 845 3 862 ,
85 817 201 856 tum
225 801 342 855 libri
364 801 612 869 sapientia:
625 798 912 852 Salomonis
923 814 1044 850 cum
1057 800 1178 851 verli
1194 796 1360 849 Grod-

0 886 3 899 ¹
87 871 275 941 deckii.
342 889 388 932 9.
413 872 770 938 Fragmentum
798 866 914 920 libri
937 866 1122 919 Tobiae
1153 882 1275 918 cum
1297 865 1361 930 ej.

89 940 216 994 vers.
294 956 367 990 10.
393 935 663 1007 Megillath
683 936 975 988 Antiochus
998 951 1120 987 cum
1150 932 1210 1000 ej.
1233 933 1359 986 versi

95 1028 170 1062 12.
195 1006 414 1060 Librum
435 1003 716 1059 Zerobabel
736 1000 1188 1070 cumej.verfione.
1234 1005 1361 1055 Haec

0 1101 1 1106 ¹
88 1074 439 1146 fignificatalia
454 1073 680 1142 epistola,
701 1072 878 1142 scripta
904 1073 964 1123 Li
1007 1070 1037 1122 [ἶ
1053 1069 1219 1123 1V.1d.
1235 1071 1360 1136 Mai.

95 1155 238 1208 1699.
310 1146 439 1214 Quae
461 1159 583 1195 vero
603 1141 852 1209 superiori
872 1141 954 1209 epi
997 1178 1008 1189 .
1032 1138 1094 1192 de
1116 1140 1363 1208 interpre-

0 1255 1 1258 ,
90 1216 286 1268 tatione
311 1211 431 1265 libri
452 1212 672 1263 lkkarim
694 1226 720 1262 a
742 1208 790 1262 se
818 1208 878 1261 ad
904 1207 1109 1277 praelum
1144 1207 1244 1274 jam
1278 1223 1363 1275 pa-

91 1293 192 1335 rata
214 1280 435 1347 testatur,
467 1282 557 1331 vix
576 1278 720 1331 aliter
730 1278 926 1330 cumiis
939 1293 1046 1343 quae
1060 1276 1193 1345 apud
1209 1273 1362 1329 Wol-

91 1351 221 1403 fium
248 1348 476 1402 nostrum
498 1350 565 1399 T.
580 1350 616 1399 1.
643 1363 690 1415 p.
709 1365 816 1410 503.
842 1346 1081 1412 invenio,
1114 1343 1361 1397 concilia-

34 1430 35 1440 *
91 1422 135 1472 ri
160 1416 298 1487 poffe
319 1428 522 1486 putem,
556 1431 711 1481 quam
731 1412 882 1481 quod‘
901 1413 1179 1466 hominum
1207 1411 1271 1465 de
1307 1413 1361 1465 se

0 1510 2 1517 ,
33 1529 35 1540 4
92 1488 359 1557 opinione,
378 1483 442 1537 ad
463 1484 515 1536 id
535 1482 679 1550 quod
702 1485 757 1536 in
779 1484 955 1535 animo
989 1498 1096 1534 non
1115 1479 1362 1534 habuerat

0 1570 4 1607 r
92 1552 482 1626 perficiendum,
527 1551 735 1605 tandem
782 1548 1034 1604 addustus
1077 1547 1145 1602 fit.
1215 1548 1361 1603 Idem

0 1627 2 1674 ἑ
93 1622 345 1677 Schillero
388 1619 688 1690 Bibliopolae
735 1615 1106 1688 Hamburgenfi
1151 1634 1362 1687 operam

0 1695 4 1701 '
34 1704 35 1712 ¹
95 1691 236 1746 suam
256 1688 532 1758 aliquando
565 1688 856 1754 addixerat,
890 1690 943 1739 in
974 1685 1177 1740 edendo
1211 1685 1364 1739 Alco·

0 1771 3 1790 ἱ
95 1777 222 1814 rano
241 1777 364 1813 cum
384 1759 630 1811 Maraccii
650 1756 801 1810 latina
822 1753 1047 1809 verfione
1069 1772 1094 1808 a
1119 1755 1167 1808 se
1188 1772 1364 1808 recen-

97 1826 181 1882 fita
203 1828 255 1882 Gr
275 1827 597 1881 brevioribus
632 1826 787 1878 notis.
859 1827 975 1877 Erat
1009 1825 1147 1878 enim
1177 1823 1365 1877 harum

95 1897 357 1950 literarum
379 1894 734 1965 peritiffimus‚
771 1909 829 1946 ac
849 1894 1014 1946 varios
1038 1891 1248 1945 codices
1272 1891 1365 1944 AI-

0 2032 1 2036 *
96 1968 272 2019 corani
291 1975 613 2034 comparatos
635 1960 870 2015 habebat.
935 1961 1094 2016 Unde
1123 1961 1177 2012 in
1236 1961 1365 2013 rima

95 2033 301 2105 plagula
337 2031 577 2087 Alcorani
607 2028 1032 2098 Hinckelmanni‚
1069 2046 1096 2081 a
1130 2031 1192 2080 Fa
1233 2030 1370 2081 ticio

34 2110 35 2174 j
96 2101 396 2168 transmiffa,
429 2098 556 2152 ultra
583 2119 657 2165 34.
681 2100 804 2151 vitia
824 2097 1159 2168 Typographi
1194 2096 1368 2148 obser-

95 2173 259 2237 vavit,
310 2168 455 2237 quod
490 2166 804 2220 Groddeckii
839 2168 1099 2220 monitum
1133 2163 1196 2217 ad
1227 2181 1371 2218 cura-

34 2265 35 2276 *
86 2242 202 2311 ¹tius
225 2237 527 2292 excudenda
549 2236 745 2303 reliqua
765 2234 982 2288 mirifice
1002 2232 1215 2305 profuit.
1263 2231 1372 2287 Ad-

0 2310 2 2316 *
34 2364 36 2371 χ
97 2307 378 2362 mirabatur
415 2321 540 2358 vero
570 2302 974 2357 Hinckelmanni
1004 2301 1372 2370 eruditionem,

34 2409 36 2436 ε
97 2376 149 2430 δι
169 2373 656 2445 Ρηὶεῖὶοηεηιρὶυε
676 2372 1012 2436 ads-Soranum
1026 2369 1246 2493 mirificae
1260 2369 1371 2492 Ιςιιο

1238 2455 1263 2492 a
1302 2448 1371 2508 at,
