1638 2678
216 162 225 192 ¹
258 148 598 207 FABRICIVS
633 149 802 206 Amo
833 145 1178 203 VOCATVS.
1297 150 1367 211 67

15 333 18 338 ,
86 282 183 331 An.
204 295 341 341 17¹9·
381 280 566 332 iterum
587 276 649 331 ab
671 273 803 330 Celsl
832 272 1011 327 Haffiae
1035 271 1381 343 Landgravio

14 353 20 404 ⁴.
85 345 460 414 sollicitaretur,
479 349 752 415 interprete
766 346 924 396 Henr.
950 345 1025 394 W
1030 342 1150 395 alth.
1177 340 1366 394 Gerde-

14 448 19 469 ι
89 410 163 468 fio
176 431 313 468 nunc
327 413 519 468 Theol.
536 411 766 468 Dostore
779 414 828 465 ὅ(
841 410 1041 464 Pastore
1063 410 1365 463 Luthe'rano

16 510 21 531 ι
86 481 427 550 Londinenfi‚
459 494 514 535 ut
538 485 765 535 summus
790 481 1044 533 sacrorum
1069 478 1289 532 Antistes
1309 479 1366 530 in

16 590 18 598 r
88 546 174 604 illa
199 553 466 605 Provincia
493 568 551 605 ac
578 548 827 604 Professor
847 546 1155 618 Theologiae
1181 549 1368 616 prima-

89 623 198 672 rius
227 621 483 671 Academiae
505 617 742 687 Gieffbnst's
767 619 877 671 fieri
894 635 955 669 ne
968 619 1231 669 recusaret.
1283 613 1368 669 Ad

10 726 11 731 =
90 687 234 756 quod
258 687 604 758 graviffimum
630 691 820 740 munus
853 686 1211 756 accipiendum
1243 700 1369 738 cum

92 756 310 810 mirifice
343 756 678 824 propenderet
708 755 996 822 FabriciuS,
1039 767 1192 821 atque
1223 768 1368 806 vere·-

94 838 269 879 rentur
310 823 617 894 Ampliffimi
654 827 896 891 Patroni,
939 841 1000 876 ne
1031 822 1240 876 tandem
1275 819 1369 875 ali-

22 901 23 905 ’
134 893 304 946 uando
329 892 392 948 fic
417 905 835 946 commoveretur
868 890 931 947 ad
963 890 1134 945 sedem
1167 902 1370 943 mutan-

94 910 240 1030 dam,
277 974 332 1014 ut
354 966 512 1015 teneri
545 961 764 1031 amplius
797 978 903 1014 non
935 959 1122 1031 poffet,
1164 957 1371 1013 inufita·

96 1044 207 1084 tum
235 1031 606 1086 documentum
630 1029 928 1094 edderunt,
967 1046 1118 1097 quam
1150 1045 1275 1099 aegre
1307 1027 1373 1081 il-

97 1097 206 1152 lum
232 1100 370 1153 abire
394 1115 458 1151 ex
485 1099 578 1152 hac
592 1100 715 1152 urbe
731 1111 1045 1168 paterentur,
1081 1097 1235 1151 audio
1256 1096 1373 1164 ejus

97 1167 287 1221 Salario
317 1185 491 1220 annuo
526 1167 759 1221 ducentis
800 1166 1169 1236 Imperialibus.
1249 1170 1374 1219 Mo-

99 1239 174 1289 vit
231 1235 520 1288 Fabricium
573 1233 834 1303 fingularis
889 1235 940 1288 ὅτ
995 1231 1373 1303 ίῃοκίρεᾶἃως

100 1304 342 1372 idemque
377 1306 671 1356 communis
704 1307 942 1356 omnium
987 1304 1230 1356 ordinum
1252 1344 1268 1370 ‚
1311 1318 1382 1355 ex

101 1373 291 1442 quibus
314 1371 611 1441 Collegium
636 1371 1062 1425 Scholarcharum
1079 1371 1377 1428 conficitur,

101 1456 213 1495 tum
246 1441 294 1495 ὅ(
326 1443 521 1493 civium
555 1441 644 1507 qui
685 1459 792 1494 rem
824 1444 979 1494 ararii
1013 1440 1378 1504 administrant,

99 1508 276 1578 favor,
311 1524 367 1561 ut
388 1509 451 1561 ab
473 1526 529 1561 ea
553 1511 705 1568 urbe,
735 1527 844 1577 quae
880 1512 1049 1580 ipsum
1073 1526 1161 1579 per
1191 1510 1379 1577 viginti

105 1595 265 1632 annos
292 1578 455 1645 magis
478 1580 633 1630 etiam
671 1576 946 1631 liberaliter
975 1595 1129 1646 quam
1159 1578 1260 1646 ipsa
1290 1579 1381 1630 Pa-

101 1649 195 1700 tria
223 1644 441 1713 foviffet‚
477 1646 527 1699 ἀ
547 1647 817 1714 complexa
845 1645 979 1709 effer,
1010 1644 1381 1699 discedendum

102 1712 303 1770 fibinifi
343 1732 463 1767 cum
501 1727 667 1768 morte
698 1714 948 1768 statueret.
1020 1718 1221 1782 Iraque,
1257 1730 1382 1767 cum

101 1785 270 1855 postea
312 1800 336 1835 a
376 1786 419 1836 S.
449 1785 505 1836 R.
546 1781 813 1836 Valentino
846 1783 1054 1836 Ernesto
1084 1782 1385 1836 Loeschero

104 1864 367 1922 urgeretur
391 1850 568 1903 multis
591 1853 906 1920 rationibus,
942 1865 1000 1905 ut
1011 1853 1071 1906 ad
1092 1852 1384 1905 docendam

72 1958 73 1962 ,
114 1922 401 1986 Wittehergae
448 1919 803 1989 Theologiam
850 1926 900 1974 ie
949 1920 1383 1985 accommodaret,

33 2011 42 2043 εΔ
102 1985 524 2043 ῃίῑιίἰςυιιέἲειως
548 1989 628 2041 vel
651 1993 862 2047 iteratas
884 2007 1057 2059 preces
1097 1990 1385 2043 constanter

34 2067 57 2128 l„
103 2058 400 2127 deprecatus
441 2057 540 2120 est,
574 2058 840 2126 praesertim
879 2076 997 2113 cum
1031 2077 1137 2111 rem
1163 2058 1258 2111 effe
1282 2056 1386 2125 ple-

35 2132 52 2179 5'
103 2145 220 2179 nam
245 2129 390 2178 omni
416 2143 482 2178 ex
503 2138 642 2194 parte
670 2124 884 2194 periculi
911 2127 1198 2192 iudicaret„
1221 2123 1253 2179 fi
1287 2128 1386 2178 ho-
1437 2147 1441 2149 “

102 2212 194 2248 mo
216 2210 373 2262 prope
387 2195 743 2262 sexagenarius
769 2197 1032 2264 accingere
1064 2199 1112 2248 le
1137 2194 1199 2248 ad
1225 2193 1384 2261 sede8‚

105 2261 1385 2333 supellectilem,familiamquetransportandam,&

30 2319 45 2395 ¹‚l
69 2352 74 2401 3
106 2331 168 2385 ad
193 2348 387 2385 novum
413 2332 462 2382 ἀ
488 2331 709 2384 mlolens
731 2334 841 2384 vitae
865 2336 1197 2399 munerisque
1218 2347 1383 2400 genus

30 2400 74 2481 ll}
107 2398 518 2471 ingrediendum,
542 2401 800 2520 auderet.E
839 2405 1009 2469 Atque
1021 2398 1087 2455 fic
1101 2401 1385 2521 benignssm

63 2482 74 2488 “·
841 2488 868 2520 2
1308 2484 1386 2520 Ἰεει.
