1638 2678
286 102 350 151 80
390 92 674 147 FABRICII
709 93 967 149 ANIMVS
998 93 1447 149 MODERATVS.

285 240 469 292 invito,
558 240 851 299 Fabricius,
895 236 1019 289 dum
1055 235 1337 289 identidem
1372 235 1550 302 quaeri-
1632 247 1637 304 f

270 323 436 364 ·mus,
471 308 743 372 quomodo
765 304 1291 373 habeat‚,inteiligere
1306 304 1549 369 seinquit,
1623 335 1627 338 -

327 388 482 427 uanto
505 391 624 427 cum
649 372 879 441 periculo
903 391 984 426 res
1008 371 1279 437 conjuncta
1313 371 1409 424 effe
1438 371 1551 438 poi?-

287 392 346 497 ξε
356 485 371 509 ,
407 461 572 510 neque
584 457 749 495 tamen
764 442 812 494 se
825 441 954 494 adeo
966 454 1184 494 mortem
1198 458 1306 493 vere
1315 442 1373 504 ri,
1394 456 1550 506 quam

287 529 353 564 ne
377 510 590 563 turbatis
613 509 801 563 cerebri
826 508 1013 561 officiis
1037 509 1099 562 ad
1114 527 1190 562 res
1206 510 1423 578 agendas
1437 524 1551 576 por·

287 596 349 631 ro
371 578 457 631 fiat
476 581 695 646 ineptus·
765 578 822 630 ld
841 591 1007 630 tamen
1030 580 1154 630 scire
1179 578 1253 643 le,
1287 594 1352 628 ex
1367 593 1550 628 oracu-

288 647 345 699 lo
366 650 640 700 Servatoris
665 646 846 712 nostri,
882 663 944 697 ne
968 645 1130 713 pilum
1172 645 1382 712 quidem
1415 646 1550 712 capi-

220 763 222 766 ,
287 716 356 767 tis
375 713 475 768 fine
497 717 594 767 Dei
620 714 882 767 voluntate
914 713 1050 782 poffe
1083 713 1346 780 decidere,
1381 729 1551 777 eoque

283 785 458 841 minus
481 782 591 836 fieri
613 781 774 852 posse,
809 795 864 835 ut
887 781 986 836 fine
1017 781 1224 835 auctore
1257 785 1373 834 Deo
1404 781 1548 833 casus

286 850 471 918 aliquis
494 851 557 904 de
579 854 743 921 capite
766 851 887 917 sun,
923 863 1009 902 aut
1031 852 1241 902 rationis
1273 849 1366 901 usti
1400 848 1549 918 poffit

288 919 573 972 decernere.
642 923 774 972 Mox
799 919 846 972 ἀ
871 920 1044 983 jocans
1067 921 1248 986 gratias
1271 916 1361 970 fibi
1382 919 1552 983 inquit

288 987 464 1040 deberi
486 1004 512 1040 a
531 985 754 1056 ρίἐῖοτε,
788 987 931 1053 quod
962 985 1119 1039 ollam
1154 985 1293 1038 suam
1321 999 1425 1037 tam
1450 984 1551 1036 alte

289 1056 556 1108 cadentem
587 1057 836 1123 integram
865 1055 1205 1120 conservarit,
1257 1071 1364 1120 quae
1398 1051 1486 1104 nifi
1520 1067 1550 1105 a

287 1127 452 1192 capite
473 1123 566 1177 suo
585 1140 674 1192 per
694 1124 942 1175 humeros
965 1119 1138 1175 senfin]
1160 1119 1277 1174 effet
1299 1125 1550 1173 interram

288 1190 558 1259 devoluta,
588 1190 769 1258 procul
806 1190 970 1243 dubio
1001 1188 1154 1243 fracia
1190 1187 1369 1242 suiffet.
1453 1191 1550 1240 Ita-

289 1277 390 1326 que
413 1271 517 1312 tam
539 1275 711 1311 carum
735 1258 785 1311 ἃ
808 1258 1151 1311 venerandum
1178 1271 1328 1326 caput
1349 1257 1550 1326 perDei

289 1329 502 1395 gratiam
521 1327 693 1379 dextra
716 1326 912 1380 Medici
927 1324 1368 1395 operaconvaluit.
1433 1327 1549 1376 Coe-

289 1408 457 1448 terum
478 1398 756 1463 generatim
782 1394 845 1447 ad
866 1392 1235 1448 calusfinistros
1249 1395 1553 1459 neutiquam

289 1475 395 1516 erat
413 1463 675 1527 exsensu8‚
713 1474 768 1514 ut
794 1464 906 1515 sunt
924 1462 1081 1529 aliqui
1105 1462 1190 1513 seu
1205 1479 1292 1530 per
1304 1474 1550 1527 naturam,

287 1531 377 1584 seu
398 1530 566 1584 studio
599 1529 858 1597 affectam,
892 1531 996 1583 hoc
1025 1529 1116 1584 fibi
1151 1528 1290 1582 haud
1313 1530 1418 1581 scio
1442 1545 1550 1596 quo

284 1602 394 1666 jure
413 1600 590 1652 virtuti
612 1598 882 1658 ducente83
917 1601 1041 1665 quin
1074 1599 1246 1667 potius
1270 1600 1338 1649 ita
1373 1596 1551 1649 statue-

286 1667 402 1737 bat,
435 1667 609 1720 acerba
635 1667 812 1720 acerbe
842 1664 1048 1719 ferenda
1080 1664 1203 1731 effe,
1238 1682 1461 1730 eumque
1494 1667 1550 1716 in

288 1734 447 1788 finem
476 1752 501 1787 a
539 1739 653 1787 Deo
686 1736 930 1800 immitti,
973 1752 1093 1788 cum
1124 1734 1348 1802 praesenti
1380 1734 1550 1785 homi·

288 1820 416 1856 num
438 1802 600 1855 indoli
635 1805 806 1855 minus
838 1804 1108 1856 conveniat
1137 1799 1235 1854 effe
1267 1799 1368 1854 fine
1401 1802 1549 1853 omni

288 1871 485 1924 dolore.
558 1873 698 1923 Hinc
719 1871 782 1924 de
803 1872 867 1923 iis
898 1874 986 1938 qui
1018 1871 1190 1923 omnia
1226 1871 1428 1937 insuper
1459 1870 1549 1920 ha·
1614 1923 1615 1940 ἢ

289 1938 412 1992 bent
430 1941 742 2006 ingeminare
766 1938 956 1991 lolebat
980 1938 1111 1991 illud
1144 1937 1425 2006 Prophetae:
1447 1939 1549 1998 Jer.
1613 1949 1615 2002 j

289 2009 353 2074 V,
375 2027 415 2071 3.
438 2008 588 2073 Plaga
608 2025 684 2057 eos
702 2006 878 2074 afficis,
899 2022 952 2057 at
973 2008 1040 2057 illi
1052 2023 1142 2056 non
1153 2005 1385 2070 fintium.
1451 2007 1547 2056 Ita·
1613 2006 1615 2045 ἕ

287 2093 391 2142 que
411 2091 533 2127 cum
557 2073 752 2131 filium,
784 2093 903 2127 cum
925 2086 1152 2143 nepoteS‚
1175 2090 1292 2125 cum
1322 2073 1551 2124 amicum

287 2141 552 2210 amififfet,
578 2159 672 2194 nec
695 2146 810 2196 Deo
833 2160 927 2195 nec
946 2155 1130 2194 naturae
1150 2137 1454 2202 relu&atu5,
1474 2143 1550 2192 in·
1611 2155 1614 2165 ’

290 2211 534 2281 dulgebat
578 2210 786 2278 dolori,
821 2210 943 2263 cibo
979 2221 1212 2278 potuque
1256 2208 1551 2274 abstinebat,

291 2295 388 2331 nec
413 2278 724 2347 temperabat
758 2277 888 2331 adeo
920 2277 1168 2346 lacrymis.
1206 2275 1301 2328 Sed
1337 2293 1458 2329 cum
1487 2275 1552 2327 il·
1610 2323 1612 2342 ‚

290 2344 404 2401 lum
424 2346 663 2403 dolorem
692 2345 1010 2414 aliquamdiu
1038 2341 1378 2413 concoxiffet,
1413 2360 1561 2406 rece1
1610 2360 1612 2387 ν

422 2455 425 2458 .
1457 2424 1550 2482 pto
