1638 2678
238 160 300 214 38
527 147 812 205 FABRICII
845 149 1210 204 INGENIVM.

236 290 363 346 dum
400 289 570 343 claffes
614 294 799 344 artium
839 287 1125 358 dilpofitam
1171 290 1415 358 habebat,
1447 301 1506 342 ut

276 377 393 412 uem
422 358 575 411 vellet
609 358 795 411 librum
828 357 1118 425 quaefiturus
1152 361 1242 411 vix
1277 375 1504 427 unquam

236 376 414 482 flustra
441 440 653 479 tentaret
675 425 891 478 forulos.
962 425 1212 496 Catalogo
1247 428 1386 479 enim
1421 428 1505 478 Bi·

238 494 511 550 bliothecae
537 494 684 547 nullo
705 492 976 547 instrudhis
1013 507 1143 561 erat,
1178 508 1506 564 praeterquam

237 563 657 632 Disputationum
707 565 902 629 exiguae
958 562 1141 628 molis,
1190 579 1314 629 quas
1361 560 1504 617 nulla

199 633 203 636 ’
237 631 410 686 habita
445 632 728 697 argumenti
763 633 984 698 ratione,
1019 643 1075 683 ut
1109 633 1163 682 in
1200 647 1380 683 manus
1417 647 1504 682 ve-

236 711 449 765 nerant,
492 697 709 766 jundiim
763 701 1029 767 compingi
1069 697 1277 763 jubebat
1322 701 1503 755 ocius,

239 784 349 834 quo
370 765 469 819 fine
504 783 645 819 mora
674 765 954 835 perlustrari
987 765 1280 836 poffent.(l)
1348 769 1505 818 Hune

240 835 494 889 ambitum
525 837 667 887 νει-ἑκ
698 831 938 886 ὀοέὶήηκ
971 850 1142 887 mente
1182 834 1504 902 complexuS,

240 902 350 956 haec
372 903 696 955 instrumenta
719 900 1022 954 eruditionis
1057 906 1106 953 in
1138 916 1378 972 promptu
1419 901 1523 967 ha-⁴

239 970 368 1025 bens
403 971 453 1024 &
483 968 778 1034 familiaria,
821 969 1110 1023 inveniebat
1141 972 1294 1022 etiam
1331 969 1503 1022 celeri-

237 1050 340 1104 ter,
371 1037 558 1104 quibus
579 1036 731 1089 rebus
756 1036 1050 1105 amplificari
1074 1054 1151 1090 res
1166 1036 1378 1090 literaria
1390 1037 1505 1106 pos-

239 1106 327 1160 set.
399 1109 530 1158 Nam
563 1104 614 1159 ἃ
642 1106 841 1171 juvenis
874 1105 1181 1172 admodum,
1222 1105 1363 1157 suam
1396 1108 1413 1157 i
1454 1106 1504 1158 se

240 1174 444 1231 secutus
462 1174 846 1246 perspicaciam,
880 1175 1083 1229 nemine
1107 1184 1377 1240 monente,
1452 1191 1504 1225 n-

1413 1260 1505 1294 xe-

298 1421 365 1476 (l)
392 1427 438 1466 In
468 1424 693 1477 colligendis
724 1425 911 1478 eiusmodi
931 1427 1262 1484 Disputationibus
1289 1430 1326 1468 ἀ
1348 1426 1505 1476 libellis,

402 1480 471 1521 alii
492 1479 563 1520 alia
585 1483 736 1521 ratione
747 1481 956 1522 versantur.
1017 1486 1111 1524 Sunt
1122 1486 1191 1538 qui
1204 1482 1344 1533 singula
1357 1485 1503 1523 incom-

401 1537 512 1592 paeh
534 1534 707 1585 servant,
734 1537 854 1577 donec
882 1539 1021 1586 justum
1044 1537 1230 1579 volumen
1251 1541 1363 1577 unius
1392 1552 1506 1588 argu-

396 1593 519 1632 menti
531 1589 755 1642 collegerint
772 1607 783 1636 ;
812 1591 896 1631 sunt
908 1595 975 1647 qui
994 1595 1191 1649 compafla
1199 1597 1240 1634 in
1259 1594 1436 1634 ordinem
1445 1607 1503 1633 ar-

387 1657 664 1697 gumentorum
695 1647 905 1701 disponunt
932 1663 944 1694 ς
995 1649 1077 1688 vidi
1106 1651 1244 1698 etiam,
1281 1650 1349 1703 qui
1382 1650 1507 1700 fingu-

388 1700 447 1743 las
473 1703 626 1755 paginas
647 1702 867 1743 Voluminis
889 1703 1203 1759 Disputationum
1222 1706 1395 1744 numeris
1415 1718 1505 1744 con-

389 1757 512 1798 tinuis
533 1757 758 1798 inscribunt.
817 1760 911 1806 Qae
930 1774 1015 1799 cum
1046 1773 1196 1799 moram
1227 1760 1347 1799 modo
1378 1762 1505 1799 mino·

385 1824 470 1853 tem
500 1812 625 1852 modo
659 1817 843 1864 majorem
874 1815 1046 1863 injiciant
1077 1815 1208 1854 studiis
1232 1845 1245 1863 ,
1287 1815 1508 1870 expeditior

387 1866 596 1907 methodus
633 1869 790 1909 videtur
817 1869 1099 1927 Fabriciinqui
1130 1869 1298 1920 conjeSm
1330 1868 1506 1910 celeriter

387 1921 466 1963 fine
496 1922 634 1962 ordine
664 1925 704 1963 in
734 1938 851 1964 unum
872 1923 1079 1973 volumen,
1107 1925 1153 1964 fic
1180 1923 1290 1965 facile
1329 1925 1370 1964 in
1401 1925 1506 1964 ordi-

385 1990 477 2017 nem
515 1977 736 2028 redigebat,
764 1989 807 2019 ut
831 1978 974 2030 singula
1007 1978 1263 2020 voluminum
1293 1979 1507 2035 Alphabeta

385 2030 634 2082 distingueret
656 2033 729 2074 suis
753 2032 875 2073 literis
903 2037 945 2074 in
974 2036 1159 2076 exteriori
1188 2045 1296 2090 parte
1316 2034 1506 2085 ligaturae,

384 2087 558 2142 primum
576 2103 613 2127 v.
634 2103 668 2139 g.
691 2091 736 2129 A.
762 2092 799 2128 Β.
821 2091 861 2129 C.
885 2093 955 2130 ἀς.
983 2089 1147 2130 alterum
1170 2094 1235 2130 Aa.
1258 2091 1328 2130 Ab.
1349 2093 1411 2130 Ac.
1427 2101 1504 2130 ter-

381 2142 484 2181 tium
505 2143 567 2184 Ba.
591 2145 656 2183 Bb.
676 2146 739 2184 Be.
762 2146 800 2186 a&
829 2145 874 2184 fic
901 2159 1036 2200 porro.
1105 2145 1256 2194 Deinde
1286 2155 1508 2186 numeraret

382 2195 673 2251 Disputationes
697 2201 732 2238 ἀ
761 2197 915 2239 libellos
934 2203 973 2239 in
994 2199 1116 2240 titulis
1128 2196 1373 2250 singulorum.
1434 2204 1509 2241 Ce-

381 2260 464 2291 tera
486 2253 644 2293 haberet
665 2253 891 2304 Catalogum
909 2254 1199 2310 Alphabeticum
1216 2285 1229 2303 ,
1256 2258 1296 2295 in
1309 2270 1389 2309 quo
1404 2257 1506 2312 pari-

377 2314 438 2345 ter
459 2317 501 2346 ut
521 2308 562 2347 in
583 2307 809 2349 adversariis
829 2310 903 2349 hoe
919 2310 1040 2350 modo
1061 2312 1173 2350 citata
1200 2309 1311 2350 facile
1334 2313 1508 2351 invenie-

383 2360 543 2403 bantur:
574 2378 611 2406 v.
632 2377 666 2415 g.
685 2363 740 2404 Bf
757 2378 795 2410 o.
847 2378 937 2407 .21.
958 2367 1012 2405 est
1028 2367 1136 2405 tertii
1163 2363 1390 2420 Alphabeti.
1425 2370 1506 2406 Vo-

379 2412 514 2456 lumen
547 2417 716 2468 sextum,
754 2421 803 2458 Di
824 2421 975 2474 putatio
1006 2434 1133 2470 nona,
1161 2422 1300 2476 pagina
1329 2421 1506 2478 Disputa-

388 2470 508 2512 tionis
528 2474 702 2517 vicesima
716 2476 857 2532 prima.
