1638 2678
294 105 578 161 FABmcn
614 102 1055 158 ADVERSAmA.
1236 116 1302 168 45

13 276 14 283 ,
569 235 610 306 §.
688 255 762 299 19.

13 302 14 306 ’
103 306 233 386 Qut
255 305 386 360 adeo
406 306 579 359 omnia
604 315 659 357 ut
678 304 893 358 arridere
926 321 1065 357 nunc
1097 303 1149 358 δι
1177 303 1305 359 veli·
1321 323 1461 356 excer-

12 402 13 426 l
35 372 179 429 ficari
203 374 435 429 Fabricio
454 373 783 441 videbantur,
821 390 940 425 cum
967 385 1071 426 erat
1091 373 1174 426 vel
1198 391 1305 428 ma·
1319 385 1389 425 pte*
1409 388 1489 413 m·

35 446 179 497 xime
214 444 440 497 intentus
471 445 525 495 in
556 441 722 495 literas
745 484 761 508 ,
815 444 882 494 ita
916 443 931 493 i
975 444 1021 494 le
1051 443 1154 509 jam
1197 439 1414 514 spu-'m

10 510 182 565 :stum
213 510 463 565 industriae
495 510 736 577 juvenilis
769 510 816 563 ἃ
849 510 922 562 stu
964 512 1136 563 iorum
1167 499 1451 592 haudl‘Zf*

10 577 368 635 ¹tumultuarie
390 591 476 632 aut
508 579 677 632 obiter
702 578 1049 632 institutorum
1080 582 1307 650 percipe-

10 682 11 704 ÷
39 666 92 702 re
114 650 283 717 coepit.
328 648 521 701 'Velim
550 650 689 700 enim
719 647 850 699 mihi
885 664 950 699 co
988 648 1152 715 stetis,
1184 666 1308 704 eum

36 728 201 770 totam
224 717 493 770 florentem
515 727 738 781 aetatem,
773 716 877 768 hoc
911 733 939 767 e
1013 728 1218 785 tempus
1250 720 1308 772 in

38 783 313 840 Academia
361 785 411 838 ἃ
454 783 682 854 hospitio
714 787 1014 852 Mayeriano
1047 783 1307 855 exafflum,

8 878 9 905 1
39 852 373 921 adeoquetria
397 870 556 922 prope
583 852 813 918 lustra,in
838 854 950 905 otio
966 852 1204 922 literari0‚
1227 856 1308 907 in-

8 938 9 976 ῑ
38 938 140 990 que
170 921 441 976 trafiandis
477 922 614 975 haud
649 918 996 992 perfunctorie
1030 920 1174 975 libris
1207 924 1308 976 uti·

8 1034 9 1039 ,
40 989 238 1043 liffimis
261 989 574 1057 contrivisse,
609 992 676 1043 ita
708 1006 834 1043 vero
864 988 1035 1058 legisse
1064 989 1114 1043 ἀ
1145 991 1309 1045 medi·

40 1070 206 1112 tatum
226 1057 322 1112 effe
342 1057 558 1130 lingula,
591 1071 648 1111 ut
669 1060 769 1126 jam
795 1061 880 1110 cui
902 1057 1045 1111 bono
1057 1058 1163 1111 haec
1175 1059 1308 1115 olim

6 1165 8 1183 .
39 1125 212 1182 futura
262 1126 357 1180 fint
384 1171 400 1195 ‚
462 1128 637 1180 animo
691 1125 993 1195 praecepiffet
1014 1169 1029 1194 ‚
1082 1126 1309 1196 denique

6 1191 7 1213 ¹
41 1195 290 1264 quicquid
315 1195 426 1249 usui
445 1195 542 1250 effe
598 1193 747 1262 osset,
782 1194 1001 1248 sollicite
1024 1194 1075 1248 Gt
1107 1212 1310 1250 accura-

6 1306 7 1313 ,
39 1276 93 1316 te
114 1263 365 1317 adnotaffe
388 1266 452 1317 iis
483 1266 536 1316 in
587 1265 716 1329 ociS‚
739 1262 875 1316 unde
903 1263 1183 1317 commode
1217 1283 1309 1318 ex-

5 1343 7 1399 }
39 1348 276 1401 promere
293 1332 480 1385 liceret.
511 1335 580 1384 Ita
595 1331 750 1384 credo
762 1331 902 1400 haud
913 1331 1187 1386 difficulter
1197 1349 1312 1403 per-

4 1411 6 1425 ²
39 1402 74 1455 s
97 1402 281 1454 icietur
303 1443 318 1468 ‚
364 1401 506 1471 plura
538 1402 755 1453 omnino
789 1399 840 1453 ἀ
873 1401 1065 1467 majora
1093 1401 1313 1471 potuiss'e

42 1418 106 1523 εἰ
129 1486 195 1523 eo
215 1468 520 1538 tempestari,
551 1485 704 1537 quam
728 1466 763 1522 fi
783 1486 921 1522 nunc
944 1469 1311 1538 demum‚cum

40 1538 153 1606 ipso
174 1555 263 1607 per
284 1538 334 1590 se
359 1555 569 1591 munere
597 1537 1014 1607 occupatiffimus
1037 1551 1166 1606 erat,
1190 1556 1311 1605 prae-

3 1611 5 1655 l
41 1606 259 1676 terlapsae
289 1608 443 1660 aetatis
476 1606 708 1660 resarcire
742 1608 991 1658 incuriam
1035 1606 1310 1674 studuisset,

0 1678 5 1722 ;
44 1687 132 1727 aut
154 1687 359 1744 propter
379 1675 591 1745 scopum
616 1674 774 1727 serius
795 1674 961 1726 visum
982 1672 1170 1744 fingula
1199 1693 1224 1728 a
1259 1677 1312 1728 se

44 1742 173 1795 ledia
196 1741 471 1798 retrad’care.
541 1745 685 1811 Qin
706 1742 839 1795 nihil
874 1760 1007 1812 opus
1037 1756 1145 1796 erat
1169 1761 1310 1798 nunc

43 1810 107 1864 ab
126 1827 232 1864 ovo
264 1811 422 1864 ordiri
454 1812 534 1865 vel
570 1810 738 1865 aestum
778 1828 951 1880 agere,
986 1810 1070 1864 sed
1105 1824 1162 1865 ut
1195 1807 1311 1866 ante

42 1879 295 1949 congestis
317 1878 467 1934 facile
489 1891 593 1932 erat
615 1879 824 1947 addere,
854 1882 923 1932 ita
948 1878 1031 1932 illa
1054 1880 1106 1933 se
1139 1879 1311 1934 ufibus

41 1947 256 2002 Fabricii
282 1947 459 2018 sponte
497 1946 633 2015 quasi
669 1948 720 2001 δι
752 1960 949 2001 tantum
981 1966 1088 2002 non
1119 1949 1311 2016 digesta

39 2018 96 2070 in
128 2017 365 2075 ordinem
401 2016 698 2071 offerebant.
766 2015 1060 2071 Adversaria
1093 2020 1202 2070 Viri
1233 2018 1313 2072 di-

34 2101 135 2152 ·c0‚
174 2087 229 2138 in
251 2086 442 2153 quibus
464 2083 736 2138 auctorum
765 2084 877 2138 loca
915 2103 1036 2138 cum
1071 2086 1312 2140 editioni·-

42 2153 167 2220 buS,
202 2154 511 2223 paginiss&
537 2153 651 2221 ipfis
674 2154 796 2224 saepe
817 2153 985 2207 verbis
1019 2167 1152 2207 tanta
1191 2171 1313 2208 cura

39 2233 278 2289 tantaque
322 2221 430 2275 fide·
465 2223 734 2291 perscripta
774 2223 1094 2290 inveniebat,
1132 2235 1188 2275 ut
1222 2222 1312 2276 illa

39 2307 195 2358 quam
216 2290 454 2344 rariffime
476 2290 614 2358 ipsos
636 2289 808 2345 fontes
841 2290 1194 2344 consulentem
1223 2289 1312 2345 fal-

40 2358 216 2413 lerent.
315 2362 438 2413 Non
471 2358 709 2414 retulerat
749 2360 963 2428 quidem
996 2361 1169 2414 omnia
1199 2376 1226 2412 a
1254 2360 1313 2481 ge

1215 2445 1249 2482 Ο
1288 2459 1312 2472 ι-
