1638 2678
286 147 348 198 82
418 134 700 190 FABRICII
736 134 941 189 AMOR
977 135 1156 189 ERGA
1190 135 1405 190 ALIOS.

280 285 384 340 ret,
417 283 504 325 aut
526 288 718 326 nomen
733 273 848 338 ejus
876 272 966 338 qui
998 271 1275 323 Iervaverat
1306 272 1550 337 cuiquam

282 340 546 421 proderet,
578 338 747 391 multo
779 341 953 391 minus
1020 351 1190 404 ropter
1222 338 1550 405 quorundam

280 410 639 476 miquitatem,
671 405 782 458 aliis
807 407 913 458 hoc
936 423 970 458 o
1029 409 1170 458 cium
1188 405 1548 475 denegandum
1636 435 1638 462 2

280 477 522 530 censeret.
602 474 834 526 Similem
863 490 1072 541 quoque
1106 473 1231 526 huic
1267 476 1323 526 in
1356 476 1549 542 privata

256 585 259 592 .
278 546 386 597 vita
404 542 771 610 benignitatem
792 545 1025 594 exercuit
1043 558 1157 610 erga
1178 559 1268 593 eos
1281 545 1368 608 qui
1383 558 1547 611 opum

279 610 447 679 indigi
478 621 648 675 erant,
692 627 860 677 neque
883 611 1137 676 :cuiquam
1167 607 1318 662 facile
1359 610 1551 678 implo-
1621 623 1623 627 ’

277 680 412 731 ranti
445 676 707 730 liberalem
736 694 948 730 manum
979 676 1234 747 praeclufit.
1306 680 1548 745 Cumque

277 744 542 800 interdum
565 757 888 811 moneretur,
924 744 1196 800 hominem
1224 745 1322 800 effe
1355 746 1549 799 benefi-

276 816 367 868 cio
389 813 663 881 indignum
685 812 735 865 ἃ
756 813 850 865 suo
870 814 1001 866 vitio
1014 813 1287 882 miserum,
1322 831 1428 867 non
1440 814 1548 866 hoc

275 882 459 949 quaeri,
495 883 691 949 inquit,
719 898 833 949 -quo
854 881 1047 950 mod0‚
1070 881 1168 936 >sed
1198 900 1260 935 an
1282 883 1433 935 miser
1461 880 1550 936 fit?

277 947 487 1004 Solebat
518 965 644 1002 vero
682 951 942 1018 praecipue.
973 948 1079 1003 hoc
1116 951 1429 1018 liberalitatis
1464 968 1548 1018 ge-

273 1033 376 1072 nus
389 1016 885 1085 commendaresuiS‚
917 1030 974 1071 ut
986 1018 1263 1087 opificibus
1277 1019 1548 1088 praesertim
1619 1032 1623 1035 ·

274 1085 702 1155 pauperioribus,
737 1098 824 1138 aut
845 1087 937 1153 qui
963 1085 1118 1154 olera,
1142 1086 1436 1156 piscicu108‚
1460 1098 1549 1138 aut

271 1152 408 1221 quid
429 1149 592 1207 fimile
617 1153 924 1221 venderent,
960 1153 1184 1221 denique
1207 1156 1298 1222 qui
1329 1154 1547 1207 honesto

270 1220 457 1288 -aliquo
477 1220 653 1274 labore
666 1239 800 1290 agre
821 1223 979 1275 vitam
992 1221 1290 1289 tolerarent,
1323 1225 1548 1292 pretium

275 1288 623 1360 persolverent
635 1307 741 1342 non
761 1292 1010 1342 tenaciter
1023 1290 1367 1354 deminutum,
1381 1290 1465 1342 sed
1479 1289 1550 1343 la-

273 1359 397 1412 xius
412 1357 461 1410 ἃ
473 1357 816 1410 abundantius
828 1378 846 1423 3
870 1375 980 1411 eam
994 1359 1132 1410 enim
1145 1359 1307 1425 ajebat
1320 1357 1547 1411 eleemo-

275 1426 453 1493 synam
473 1424 570 1478 effe
593 1426 867 1492 majorem,
901 1426 953 1478 δι
975 1429 1091 1478 Deo
1113 1443 1219 1479 non
1248 1425 1418 1479 solum
1435 1443 1547 1495 gra-

276 1493 581 1555 tiorem,sed
605 1493 654 1546 &
675 1492 982 1563 Reipublicae
1007 1493 1268 1547 utiliorem
1284 1530 1299 1554 ,
1336 1511 1488 1561 quam
1509 1492 1547 1549 fi

274 1560 523 1618 mendico
537 1561 839 1615 tantundem
853 1562 1216 1630 porrigeretur:
1253 1562 1395 1629 quod
1407 1579 1547 1614 men-

277 1629 520 1683 dicorum
558 1629 903 1699 plurimorum
935 1632 1106 1683 otium
1146 1643 1296 1697 atque
1342 1632 1546 1699 ignavia

274 1696 437 1752 alatur
455 1697 820 1766 eleemosynis,
851 1699 1070 1767 operarii
1093 1697 1156 1750 ad
1191 1698 1418 1750 laborem
1444 1701 1545 1750 im·-

273 1768 421 1836 pigre
442 1765 878 1834 continuandum,
898 1766 949 1818 ὄι
972 1765 1203 1818 membra
1227 1783 1334 1818 non
1365 1768 1545 1818 inertia

271 1832 585 1903 Reipublicae
611 1833 894 1903 praestanda,
914 1836 1081 1904 pretio
1102 1833 1298 1886 liberali
1320 1836 1547 1886 exciten-

272 1914 375 1956 tur.
446 1904 736 1956 Generatim
756 1901 975 1956 aliorum
988 1899 1230 1959 fortunis,
1252 1900 1431 1969 gloria,
1450 1901 1546 1953 ho-
1612 1930 1614 1963 ρ

255 1969 523 2038 notibus,
557 1972 771 2037 meritiS‚
794 1970 1051 2023 laetabatur
1073 1987 1138 2022 ex
1160 1971 1335 2022 animo
1359 1968 1410 2022 ἀ
1442 1967 1546 2021 fine

275 2038 491 2103 invidia,
512 2038 562 2090 ἃ
586 2051 834 2105 quantum
859 2050 1054 2109 poterat
1076 2036 1255 2104 laude,
1277 2054 1546 2090 commen·
1581 2081 1588 2083 f

277 2106 504 2174 datione,
516 2123 669 2174 opera
684 2106 1041 2176 promovebat,
1053 2122 1222 2172 eoque
1243 2107 1455 2157 nomine
1468 2103 1546 2157 fe-

274 2174 403 2228 lices
428 2173 727 2244 praedicabat
750 2176 804 2226 in
827 2174 1042 2227 summis
1063 2172 1397 2241 dignitatibus
1418 2189 1547 2225 con-

275 2243 512 2310 stitutOS,
547 2242 690 2310 quod
713 2242 892 2295 multis
913 2238 1266 2295 benefaciendi
1298 2241 1545 2296 haberent
1574 2266 1577 2269 ·

276 2309 628 2378 occafionem‚
661 2327 770 2376 quo
791 2308 931 2364 fasto
953 2310 1016 2363 ad
1028 2311 1127 2361 Dei
1142 2320 1371 2360 naturam
1389 2325 1543 2376 quam

277 2381 518 2449 proxime
538 2378 853 2433 accederent.
955 2382 1027 2432 At
1046 2393 1141 2429 nec
1155 2377 1414 2445 Principes
1448 2392 1542 2428 eos

1445 2454 1534 2496 aut
