1638 2678
237 122 240 126 ’
274 173 374 220 142
462 157 1007 216 PIBLIOGRAPHIA.
1044 162 1336 236 ANTiqv.

283 297 491 349 Unicus
511 296 599 348 hic
620 296 689 348 est
702 297 855 350 Liber
866 297 1078 351 Fabricii
1092 336 1108 356 ,
1141 302 1230 365 qui
1249 317 1314 351 ex
1333 301 1542 368 privatis
1598 345 1607 350 -

283 365 395 428 ejus
419 363 830 418 Praeletstionibus
858 368 911 418 in
944 366 1111 419 lucem
1179 367 1399 419 ublicam
1428 384 1544 436 pro·-

285 432 398 483 diit.
468 435 686 484 Carmen
709 434 918 498 quidem
941 434 1106 487 de·Mi
1148 452 1172 486 a
1195 435 1545 487 subMauricii

282 498 579 552 Senonenfis
591 502 800 553 nomine
815 514 869 552 ut
881 502 1068 560 ederet,
1081 503 1129 556 ἃ
1143 519 1235 570 pro
1247 502 1444 555 inedito
1455 502 1545 555 ad·
1629 534 1634 563 η

281 567 389 620 huc
410 567 676 620 exhiberet
699 567 921 636 Auctor,
953 570 1195 624 inducias
1228 571 1324 637 est,
1360 573 1543 639 partim

281 633 483 687 Codice
503 639 611 687 MS.
636 635 1041 704 membranaceo,
1063 641 1242 707 partim
1257 639 1397 704 quod
1411 637 1545 691 illud

282 711 486 755 carm'en
517 703 732 771 prostare
762 722 867 757 non
895 709 1208 758 meminerat.
1280 708 1375 759 Sed
1403 723 1543 759 erro-

283 788 392 823 rem
415 773 563 823 suum
586 772 938 824 animadvertit
959 774 1303 841 indicavitque
1328 775 1429 842 ipse
1458 791 1551 826 an-.

282 855 355 892 no
368 839 493 906 post,
515 839 607 891 sub
620 838 706 892 fin.
719 838 1026 894 Praefationis
1042 842 1104 894 ad
1119 843 1234 894 Vol.
1249 845 1331 893 Vl.
1345 842 1541 894 Biblio-

279 905 439 958 thecae
461 924 653 975 graecae,
685 911 961 962 nominatis
984 908 1154 973 libris,
1188 912 1243 962 in
1258 909 1543 977 quibusvel

278 973 374 1028 sub
397 976 574 1027 incerti
598 974 866 1043 Audioris,
903 975 986 1028 vel
1019 977 1109 1030 sub
1134 976 1420 1030 Hildeberti
1445 995 1542 1030 no-

279 1044 423 1095 mine
447 1042 643 1110 legitur.
714 1045 911 1097 Primus
935 1057 1104 1097 autem
1125 1044 1351 1112 vulgavit
1376 1051 1541 1098 Anto-

281 1113 398 1163 nius
422 1110 710 1171 Genardus‚
747 1113 1040 1165 Canonicus
1061 1111 1384 1170 Leodicenfis
1417 1130 1539 1166 cum

283 1179 385 1230 ritu
405 1177 695 1231 celebrandi
716 1177 766 1242 ss,
791 1179 947 1232 Miffae
979 1179 1138 1233 officii
1167 1180 1315 1245 juxta*
1339 1198 1541 1234 morem

281 1245 525 1300 Dioecefis
547 1245 885 1300 Leodicenfis.
910 1267 956 1300 v.
981 1249 1257 1301 Sanderum
1278 1265 1324 1317 p.
1345 1260 1448 1307 182·
1470 1249 1542 1315 sq.

285 1312 351 1366 de
386 1314 531 1366 claris
565 1317 833 1380 Antoniis,
881 1316 930 1368 ὅτ
960 1313 1331 1368 Bibliothecam
1367 1315 1542 1369 Eccle-

283 1379 404 1437 fiast.
431 1382 663 1448 Fabricii,
688 1384 742 1434 in
766 1384 945 1436 Miraeo
978 1401 1026 1452 p.
1052 1404 1163 1448 230.
1231 1387 1352 1436 Non
1375 1384 1541 1443 inedi-
1637 1413 1638 1416 =

283 1461 397 1503 tum
418 1462 558 1503 antea
580 1447 725 1502 fuiffe
744 1463 976 1504 notatum
1006 1468 1213 1518 quoque
1246 1451 1315 1503 est
1349 1451 1410 1504 ab
1433 1457 1542 1516 Au·
1636 1452 1638 1516 ss

284 1517 426 1570 &ore
450 1520 540 1571 des
556 1520 820 1571 Amem'tez
845 1519 909 1572 de
934 1519 978 1572 la
995 1522 1228 1588 Critique
1251 1522 1374 1572 P.11.
1389 1523 1544 1583 Jour-

283 1585 367 1637 nal
400 1585 488 1638 des
522 1590 705 1639 Savans
735 1605 874 1651 1719.
910 1605 956 1655 p.
984 1600 1091 1652 178.
1159 1590 1440 1640 Memoires
1476 1586 1543 1640 dc

184 1675 187 1677 ·
284 1654 535 1705 Trevoux
561 1673 700 1718 1719.
723 1671 834 1722 pag.
849 1666 961 1720 408·
1003 1656 1374 1722 Hist.Critique
1404 1655 1542 1708 dela
1591 1710 1601 1720 ‚

283 1722 402 1790 Rep.
426 1721 516 1773 des
538 1724 733 1774 Lettres
754 1726 821 1775 T.
838 1726 917 1775 V1.
951 1741 1000 1793 p.
1031 1743 1137 1787 197.
1158 1722 1207 1774 ss.
1280 1726 1542 1776 Coe'terum

282 1787 346 1840 ad
373 1789 530 1857 ipsam
548 1788 979 1859 Bibliographiam
1001 1809 1066 1843 ex
1102 1807 1167 1844 eo
1198 1803 1429 1859 tempore
1462 1801 1543 1843 tot

281 1856 560 1924 Scriptores
581 1858 825 1926 congeffit
846 1859 1100 1912 Fabricius
1115 1900 1130 1926 ,
1166 1857 1268 1912 utfi
1284 1875 1414 1911 nova
1430 1858 1543 1911 edi-

282 1925 360 1976 tio
384 1924 742 1992 postularetur,
772 1942 880 1992 quae
901 1925 1061 1996 duplo
1083 1926 1281 1979 auciior
1299 1927 1402 1979 dari
1426 1927 1542 1994 poi?-

273 1990 381 2056 set,
418 2005 621 2060 propter
646 1993 1030 2047 multitudinem
1068 1994 1354 2048 Aufiorum
1386 1996 1542 2046 unius

285 2062 570 2127 argumenti
606 2076 762 2128 prope
796 2062 987 2115 neceffe
1028 2062 1171 2128 effer,
1206 2061 1417 2114 eosdem
1459 2077 1542 2115 or-

286 2126 407 2179 dine
424 2126 764 2196 Alphabetico
796 2129 1089 2199 disponere,
1127 2130 1176 2182 ἀ
1207 2132 1414 2181 nomina
1448 2146 1540 2183 eo-
1622 2134 1623 2186 J

285 2210 402 2246 rum
424 2211 530 2261 quo
551 2192 754 2248 facilius
778 2200 1095 2250 inveniantur
1129 2197 1328 2249 diverlo
1351 2197 1540 2250 Chara-

287 2259 424 2313 &ere
443 2266 737 2330 exprimere.
806 2265 1005 2318 Addere
1027 2283 1232 2334 quoque
1266 2265 1540 2318 consutue-
1620 2269 1621 2319 ζ

285 2341 360 2379 rat
393 2329 587 2383 Aueior
602 2332 924 2399 Appendices
947 2337 1047 2398 jam
1070 2349 1226 2399 prope
1253 2332 1316 2384 ad
1330 2333 1537 2399 praelum
1618 2384 1619 2387 ,

284 2400 498 2464 paratos,
576 2416 618 2451 1.
653 2402 733 2453 De
762 2402 1054 2468 Academiis‘
1072 2402 1228 2455 Orbis
1251 2401 1539 2466 Christiani.

1377 2488 1421 2522 2.
1457 2472 1539 2524 De
