1638 2678
285 162 348 201 ω
396 143 683 199 FABmcn
722 119 942 200 GEst
976 146 1489 205 PRAEcEPToREs.

281 286 518 339 achimam
548 285 871 350 Westphalum,
907 285 1302 356 Hamburgenfis
1325 284 1556 339 Ecclefiae

281 357 545 408 summum
579 353 839 408 Praesulem
870 357 1003 408 inter
1036 354 1155 408 suos
1187 368 1419 408 numerat
1441 397 1456 421 ,
1502 354 1556 408 δε

281 439 392 490 quae
417 425 516 491 ipsa
538 422 687 476 sacris
712 424 893 490 pariter
918 423 966 476 ἃ
987 422 1227 476 civilibus
1251 423 1553 476 muneribus

278 492 336 545 in
369 491 493 545 urbe
523 491 685 552 nostra
716 492 976 559 praeclaros
1004 490 1343 545 Corthumios
1374 491 1555 558 dedit,

277 558 390 624 dat,
426 559 580 613 dabit.
651 561 846 612 Paterni
871 559 1079 627 quidem
1102 563 1299 630 generis
1322 560 1369 613 ἃ
1395 561 1554 629 inpri-

275 629 379 681 mis
399 631 562 682 Patris?
589 627 692 693 sui,
721 628 1139 693 Virummbeaaum
1175 645 1278 681 non
1313 630 1554 698 poenituit

277 694 563 749 meminisse
595 697 646 746 in
682 698 906 749 centuria
932 696 1276 755 Fabriciorum
1308 699 1468 766 prima
1500 713 1550 765 p.

279 773 360 822 86.
395 764 536 831 quod
558 764 672 829 quis
695 781 799 819 non
824 763 960 829 laudi
984 764 1136 817 ducat
1154 767 1297 830 Viro,
1330 766 1418 831 qui
1443 781 1553 817 non

277 832 437 885 Patri-s
460 831 620 893 modo
644 830 692 884 ἃ
707 833 982 898 Majorum,
1010 834 1092 893 sed
1107 831 1443 902 plurimorum
1461 835 1552 884 Fa-

275 897 565 1005 briciorum
585 902 850 969 utriusque
862 904 1097 967 centuriae
1117 900 1335 971 gloriam
1347 899 1549 970 supera-

274 982 372 1023 vit.
848 1017 869 1023 ,,
907 1019 909 1021 ,
948 1015 951 1018 .

259 1150 261 1155 .
833 1094 876 1165 §-
921 1099 995 1149 ⁶·

86 1189 236 1248 ³⁹⁶⁴·
344 1193 510 1246 Matre
533 1209 611 1246 an.
628 1203 770 1259 1674.
794 1194 934 1245 Patre
949 1176 1120 1245 autem
1133 1207 1210 1245 an.
1230 1202 1373 1256 1679.
1398 1190 1551 1245 amis:

84 1249 251 1284 ”⁰²⁷³sp
274 1255 358 1326 so,
394 1277 519 1330 puer
541 1263 784 1314 decennis
810 1273 1026 1327 utroque
1053 1265 1256 1312 Parente
1277 1260 1435 1312 orbus
1460 1277 1551 1311 ve-

81 1309 204 1392 {Z'sm
275 1327 350 1379 nit
377 1332 430 1380 in
461 1329 672 1383 tutelam
703 1328 1020 1401 celeberrimi
1043 1326 1311 1396 Theologi
1341 1344 1402 1380 ac
1424 1326 1549 1380 Phi-

275 1391 480 1465 losophi
511 1398 742 1448 Valennm‘
763 1397 962 1452 Atheni,
986 1397 1071 1447 cui
1095 1394 1410 1448 illum-Pater
1434 1411 1551 1447 mo-

254 1467 410 1517 ·riens
434 1464 892 1518 commendaverat.
930 1468 1055 1525 (m)
1126 1465 1315 1515 Curam
1338 1464 1547 1516 interim

250 1532 598 1585 educationis
625 1550 713 1602 per
734 1534 1142 1598 quinquennium
1166 1530 1380 1599 suscepit
1408 1533 1547 1581 Wen-

272 1601 443 1652 ceslaus
470 1601 676 1656 Buhlt'us,
694 1618 846 1666 quem
868 1603 920 1651 Β.
945 1603 1184 1666 Mayerus
1206 1615 1545 1652 communem

270 1678 397 1721 tunc
421 1668 770 1736 orphanorum
784 1665 927 1719 fuisse
938 1671 1268 1719 Maecenatem
1294 1665 1544 1734 praedicat.

268 1736 365 1804 (n)
430 1737 513 1790 Ab
542 1736 652 1806 ipso
676 1739 843 1802 Patre,
876 1733 969 1788 sub
1001 1737 1239 1802 initium,
1282 1734 1544 1855 institutus

764 1816 768 1819 “
1454 1819 1545 1855 ue-

323 1923 572 1976 gedorffenfis
592 1924 715 1964 fanus
737 1926 834 1963 circa
855 1926 925 1962 An.
949 1933 1063 1977 1590.
1080 1933 1255 1961 mortuus
1278 1921 1392 1974 1635.
1414 1920 1449 1960 d.
1480 1931 1546 1973 ις.

325 1983 409 2031 Jan.
436 1979 603 2032 Joannes
621 1978 806 2025 Cor-thum,
830 1976 1018 2028 Joachimi
1042 1975 1158 2024 filius,
1180 1987 1289 2015 natus
1317 1976 1432 2030 1607.
1454 1975 1490 2015 d.
1502 1981 1545 2026 8.
1608 2007 1609 2011 ,

325 2038 421 2089 Apr.
444 2048 583 2074 munus
619 2033 764 2073 sacrum
788 2031 1102 2084 Bergedorffense
1132 2031 1293 2086 suscepit
1324 2034 1396 2074 An.
1422 2030 1547 2084 1635.

325 2091 427 2130 obiit
450 2092 522 2128 An.
553 2088 667 2142 1663.
689 2087 750 2128 vel
766 2088 883 2143 1664.
904 2091 1040 2129 Parens
1054 2085 1227 2134 Marthae,
1259 2088 1395 2126 Matris
1409 2086 1544 2125 Fabri.
1606 2107 1607 2139 3

323 2148 375 2185 cii
397 2145 531 2191 nostri,
562 2158 644 2197 quae
665 2154 751 2183 nata
779 2143 894 2197 1644.
912 2143 948 2183 d.
970 2156 1035 2186 2c-
1057 2142 1158 2182 Febr
1202 2150 1322 2194 nupta
1354 2142 1406 2180 est
1429 2143 1546 2180 Anno

315 2200 442 2251 1665.
465 2195 501 2239 ii.
516 2212 551 2252 3.
564 2198 644 2248 Jul.
666 2202 860 2239 Wernero
879 2199 1067 2245 Fabricio,
1095 2198 1195 2236 obiit
1218 2200 1289 2236 An.
1309 2195 1421 2250 1674.
1452 2196 1546 2235 Ger.
1602 2224 1605 2240 ἵ

316 2254 453 2296 bardus
469 2254 657 2302 Corthum,
685 2256 845 2304 Joannis
869 2252 985 2301 filius,
1014 2263 1124 2292 natus
1153 2252 1267 2305 1638.
1289 2250 1326 2290 d.
1344 2256 1409 2301 28.
1432 2253 1544 2305 Sept.

319 2311 440 2350 Patris
463 2313 502 2350 in
525 2309 629 2349 sacro
662 2322 818 2349 numere
841 2307 1025 2349 success'or
1043 2310 1115 2348 An.
1144 2306 1261 2362 1664.
1284 2305 1442 2346 demtus
1467 2309 1542 2351 An.
1600 2343 1601 2364 ¹

222 2453 226 2456 .
262 2378 341 2466 (m)1
350 2365 737 2469 7ῗ4ΑάΕὲὂῖῙίσῖιΣῧίση
758 2420 940 2459 centuria
960 2422 989 2460 1.
1014 2418 1294 2459 Fabriciorum.
1313 2432 1353 2473 p.
1378 2429 1449 2473 77.

261 2476 343 2522 (n)
370 2478 405 2525 J.
430 2477 471 2517 F.
494 2475 670 2528 Mayerus
699 2477 742 2515 in
763 2477 1053 2527 Programmate
1073 2472 1229 2514 laudato
1249 2488 1289 2529 p.
1316 2486 1381 2528 ¹7·
