1638 2678
70 1762 120 1798 Vt
127 1754 241 1811 quiri.

68 1826 190 1878 ἤισκ-

67 1882 179 1906 mum

68 1925 175 1974 apud

66 1984 198 2030 ,Μῦε-

67 2047 158 2071 rum

65 2089 218 2128 colloca-

64 2155 188 2189 ment.

268 122 337 167 26
551 110 941 166 HOSPITIVM
970 111 1241 165 MAYERI.

264 248 381 296 rum
404 243 606 297 suarum
641 243 939 296 conditione
970 245 1201 314 potuiffe.
1271 248 1461 298 Verum
1495 243 1534 298 fi

266 310 325 364 id
358 308 552 365 fastum
579 309 722 371 esset,
757 310 1115 382 Hamburgum
1157 312 1410 383 proficisci
1443 316 1532 366 Fa-

267 378 463 432 bricius
512 377 645 432 forte
676 397 781 432 non
812 378 929 432 effet
960 380 1134 443 ausus,
1174 399 1328 449 quem
1358 394 1532 435 tamen
1621 439 1624 442 Α

266 447 385 501 urbi
418 447 590 501 nostrae
626 446 893 517 gratificari
922 447 1126 503 volebat
1157 450 1327 503 divina
1358 451 1531 517 provi-

268 515 454 569 dentia.
557 517 638 568 Sic
692 518 747 568 in
801 517 902 568 vita
958 534 1062 569 nou
1116 520 1287 571 minus
1340 520 1531 587 privata
1616 513 1638 558 2'1

269 600 425 652 quam
475 581 681 652 publica
735 601 760 636 a
811 584 961 636 rebus
1018 586 1246 638 minimis
1294 587 1445 655 saepe,
1477 586 1530 639 ἀ
1636 595 1638 612 ⁴

266 668 438 704 errore
492 651 721 704 humano
787 651 1045 716 admistis,
1106 657 1336 706 maxima:
1402 671 1530 706 con·
1616 655 1619 659 ’

266 718 518 772 versiones
583 719 802 788 pendent
826 763 840 786 ,
892 719 940 773 ἃ
989 720 1120 773 nihil
1178 721 1530 790 prospicienti-

265 784 366 842 bus
403 788 704 841 mortalibus
738 805 764 840 a
788 791 1023 857 supremo
1057 792 1267 841 numine
1301 789 1363 842 ad
1384 791 1519 856 opti-

263 871 350 908 ma
399 857 586 921 quaevis
654 856 952 925 diriguntur.
1061 856 1348 911 Accedebat
1401 858 1530 910 huic

263 924 535 994 inopinato
556 925 706 991 casui,
719 923 860 991 quod
874 927 954 992 spe
968 925 1213 994 Stipendii
1230 925 1486 980 tribuendi
1499 943 1527 979 a

265 988 578 1057 Confistorio
602 991 838 1061 supremo
861 991 1152 1057 Dresdenfi‚
1184 1011 1335 1059 quam
1352 992 1529 1046 Alber-
1591 1018 1594 1021 s

263 1071 350 1121 tus
406 1058 717 1122 ostenderat,
762 1060 1035 1113 excidiss'et.
1106 1062 1252 1114 Vnde
1311 1059 1528 1114 subfidia

263 1128 379 1186 {vitae
412 1127 460 1178 δι
491 1127 774 1180 studiorum
803 1127 1216 1196 circumspiciens
1249 1129 1526 1196 Fabriciu8‚

264 1197 384 1248 'cum
413 1196 601 1247 interea
634 1196 837 1248 summo
871 1195 1156 1265 Theologo
1174 1199 1268 1256 270·
1294 1198 1528 1249 Friderico

262 1265 461 1328 Mayero
492 1262 813 1335 innotuisset,
857 1263 1090 1316 oblatum
1123 1263 1214 1316 fibi
1236 1264 1298 1317 ab
1328 1282 1395 1318 eo
1426 1265 1527 1316 ho-

261 1328 473 1398 spitium
513 1330 698 1384 lubens
735 1333 960 1399 accepit,
1010 1334 1259 1401 praecipue
1291 1331 1435 1398 quod
1470 1335 1528 1385 in

262 1396 632 1460 instrudliffima
665 1400 774 1463 ejus
807 1398 1123 1451 Bibliotheca
1147 1442 1162 1465 ‚
1214 1402 1299 1452 cui
1331 1398 1528 1468 praeeffe
1618 1455 1621 1457 ,

263 1463 505 1533 debebat,
538 1466 764 1535 amplum
797 1466 883 1519 fibi
906 1484 1141 1534 campum
1168 1467 1527 1536 promerenda:

261 1532 570 1601 eruditionis
593 1537 770 1605 aperiri
793 1535 1225 1590 animadverteret.

804 1658 845 1729 §.
919 1678 995 1712 12.

276 1786 278 1788 .
329 1738 411 1793 Ab
433 1741 568 1792 Anni
591 1742 760 1806 itaque
789 1751 928 1804 1694·
954 1739 1038 1790 die
1064 1739 1268 1801 13.Jun.
1304 1754 1394 1807 per
1417 1752 1526 1791 ma-

261 1806 342 1873 jus
365 1810 723 1874 quinquennio
746 1809 958 1874 spatium
980 1807 1031 1857 in
1057 1804 1246 1858 aedibus
1278 1807 1331 1858 B.
1347 1810 1539 1872 Maye-“‘

262 1876 303 1926 ri
328 1874 569 1943 substitit,
601 1876 650 1929 ἃ
681 1876 858 1927 studiis
899 1873 1156 1926 literarum
1188 1875 1416 1943 gnaviter
1435 1873 1526 1926 de-

262 1942 339 1994 dit
392 1959 613 2011 operam.
728 1941 964 1994 Habebat
984 1983 998 2009 ‚
1044 1953 1216 2010 praeter
1266 1941 1527 2010 hospitem

260 2010 430 2079 ipsum
455 2010 650 2064 summa
674 2010 962 2064 eruditione
995 2008 1360 2077 conspicuum,
1396 2026 1524 2061 con-

258 2076 547 2130 tubernales
571 2078 620 2131 δι
634 2077 998 2132 commensales
1011 2078 1160 2129 Viros
1176 2074 1379 2155 dodloS,
1391 2092 1525 2144 quos

257 2146 445 2212 sequi„
466 2146 772 2212 quibuscum
796 2158 1012 2211 certare,
1082 2161 1177 2197 uos
1201 2157 1389 2197 anteire
1411 2143 1527 2214 pos}
1614 2184 1638 2222 }.

256 2214 357 2279 set,
393 2226 450 2266 ut
471 2215 525 2266 in
560 2214 725 2283 ipsum
757 2212 1013 2283 Apollinis
1127 2212 1393 2265 Musarum
1431 2212 1526 2265 do-

258 2280 519 2335 micilium
542 2282 838 2350 translatuS‚
875 2281 924 2333 ἀ
946 2280 1203 2332 restitutus
1226 2280 1436 2348 pristino
1451 2281 1527 2333 vi-

259 2359 319 2403 tae
339 2352 514 2419 generi
537 2351 805 2406 videretur.
871 2354 1041 2417 Atque
1061 2347 1151 2402 hic
1184 2348 1528 2469 inprimjsbgg':
