1638 2678
157 170 392 224 “DECAS
425 167 724 235 RECENT.
756 169 1216 226 SCRIPTORVM.
1262 189 1349 227 τοι

72 301 407 365 ‚contendens
427 304 506 356 vir
525 299 921 370 dodlusfflolyh.
939 318 986 370 p.
1006 320 1116 364 309·
1139 302 1356 354 minoris

83 371 281 438 ingenii
302 366 453 439 facit,
485 386 593 438 quo
615 372 670 424 in
701 370 822 424 loco
843 372 1173 423 Socinianum
1205 368 1357 423 habe-

0 503 1 508 *
86 458 140 493 re
153 451 386 510 apparet,
434 437 965 505 Minorisjudiciie'fl'e
978 437 1357 491 affirmatTho-

84 508 272 563 malins
293 550 308 575 ,
356 505 447 561 ubi
468 524 591 560 cum
613 508 811 561 Voetio
842 517 1117 575 comparat.
1217 506 1360 559 Mihi

82 594 194 631 non
217 589 319 630 tam
339 574 539 643 judicio
563 576 736 629 Voetii
761 593 914 644 quam
938 574 1182 628 dostrinae
1207 574 1358 627 cede-

83 663 140 700 re
162 644 393 712 videtur,
412 643 557 712 quod
578 661 645 696 ex
663 643 785 698 coll.
808 644 966 710 hujus
991 644 1163 713 Dispp.
1186 642 1355 698 selest.

85 732 209 767 cum
229 713 370 768 illius
403 714 527 766 otiis
559 712 753 767 Theol.
787 708 1113 766 manifestum
1143 712 1227 764 est.
1286 713 1359 779 ’6)

84 782 389 837 Abrahamus
414 780 672 834 Berkelius.
743 784 1103 850 Fragmentum
1115 780 1358 847 Stephani

84 851 364 919 Byzantini,
390 849 476 903 sed
500 850 644 917 quod
667 851 769 918 jam
792 848 1090 903 Tennulius
1114 851 1358 918 anticipa-

84 932 250 988 verat,
274 936 394 971 cum
416 918 656 973 inanibus
683 921 822 973 notis
852 917 1042 986 edidit,
1080 920 1135 970 in
1166 917 1357 985 quibus

83 989 343 1059 integrum
364 986 674 1057 Stephanum
700 1006 822 1040 cum
856 989 1271 1056 interpretatione
1305 986 1356 1039 ὅ(

82 1058 461 1110 commentario
483 1056 720 1109 daturum
746 1056 796 1109 se
822 1057 1040 1124 recepit,
1074 1057 1165 1123 qui
1188 1054 1359 1108 novis-

35 1163 37 1166 ·
82 1123 207 1179 fime
227 1124 310 1177 sed
331 1141 397 1177 eo
419 1126 522 1190 jam
548 1122 798 1178 defundio
830 1124 1069 1193 vulgatus
1093 1123 1177 1176 est.
1249 1127 1359 1176 Lu-

83 1209 171 1246 cas
212 1193 514 1246 Holstenius
559 1193 894 1246 eruditiffime
934 1195 988 1245 in
1044 1191 1361 1261 Stephanum

83 1273 463 1314 commentatus
486 1260 585 1323 est,
605 1263 697 1329 qui
720 1260 1008 1314 Berkelium
1023 1303 1038 1325 ‚
1073 1260 1273 1314 curiose
1298 1260 1359 1313 li-

15 1338 16 1358 ³
83 1342 168 1382 cet
187 1347 296 1382 rem
319 1341 599 1398 gerentem,
612 1329 901 1397 longiffime
925 1327 1036 1398 post
1061 1332 1110 1382 [e
1133 1329 1356 1396 reliquit.

83 1398 226 1452 Usus
252 1396 512 1450 Berkelius
532 1400 684 1451 variis
708 1398 991 1461 Mstis‚illo
1003 1399 1252 1467 praecipue
1265 1415 1356 1450 co-

83 1466 200 1519 dice
222 1465 287 1518 ad
305 1468 456 1533 cujus
481 1465 611 1519 latus
633 1465 1019 1520 emendationes
1043 1466 1356 1519 suasSalma-

83 1534 183 1589 fius
205 1546 478 1588 notaverat.
544 1538 605 1600 7)
627 1537 874 1587 Servatius
896 1537 1108 1587 Gallaeus.
1179 1536 1355 1601 Hujus

82 1602 150 1656 de
180 1602 385 1669 Sibyllis
417 1606 794 1656 commentario
831 1603 962 1656 nihil
983 1616 1176 1656 temere
1199 1603 1356 1656 insul-

11 1673 12 1676 ’
75 1669 183 1726 'fius
207 1671 284 1724 sol
307 1670 548 1742 adspexit.
617 1675 808 1741 Figurae
830 1690 972 1725 aeneae
1005 1690 1072 1724 ex
1095 1671 1355 1725 Boiffardo

9 1763 11 1795 l
82 1740 377 1810 depromtae.
447 1743 652 1793 Locum
673 1757 738 1793 ex
757 1741 958 1804 Justino
972 1745 1046 1794 Μ.
1062 1742 1254 1794 centies
1268 1758 1356 1794 oc·-

83 1820 327 1877 cupatum
350 1806 637 1876 adducens,
666 1808 866 1877 aliquot
889 1812 1094 1879 paginas
1119 1809 1184 1862 de
1204 1809 1356 1873 Justi-

8 1914 9 1944 ᾗ
83 1894 155 1930 no
176 1879 458 1948 pra’mittit‚
493 1878 544 1930 ἃ
572 1878 702 1947 ipsas
736 1878 1017 1946 turpissime
1052 1878 1354 1947 compilatas

82 1963 151 1999 ex
173 1945 300 1999 aliis.
371 1946 614 2016 Agathias
647 1946 698 1999 ἃ
724 1946 1047 2010 Jamblichus
1079 1949 1213 1999 inter
1247 1947 1357 2000 lati-

83 2032 181 2067 nos
203 2013 291 2083 ipfi
315 2027 521 2068 autores
547 2027 892 2068 numerantur.
962 2015 1134 2068 Audet
1164 2017 1355 2085 impro-

6 2094 7 2098 ’
82 2082 203 2136 bare
222 2083 519 2136 sententiam
546 2082 610 2136 de
631 2101 728 2136 una
754 2082 968 2150 Sibylla,
1002 2101 1155 2151 quam
1173 2084 1356 2136 firmis-

0 2198 1 2203 ,
79 2149 219 2221 fimi‘s
278 2154 590 2221 argumentis
658 2153 852 2204 Petitus
914 2151 1356 2205 demonstraverat.

4 2254 14 2292 ᾖ,
79 2222 316 2273 Tantum
336 2220 623 2273 dolendum
643 2219 741 2287 est,
755 2219 1027 2273 Blondello
1050 2221 1255 2273 summo
1267 2223 1356 2273 Vi-

11 2305 23 2327 ³‘
80 2305 143 2341 ro
177 2306 281 2341 non
315 2289 474 2341 alium
518 2286 841 2341 defensorem
886 2289 1122 2342 adversus
1152 2289 1354 2352 Jesuitae

2 2380 25 2423 ;.'
77 2355 309 2410 Craffetti
333 2357 688 2410 insultationes
710 2357 993 2426 contigisse.
1069 2360 1124 2421 8>
1148 2359 1355 2418 Jacobus

1 2425 28 2490 ’,ἕ
78 2425 266 2479 mallius.
348 2427 524 2493 Hujus
558 2428 785 2493 Fortuita
819 2424 1174 2492 jucundiffima
1220 2426 1355 2493 sunt,

10 2505 26 2533 '-
519 2519 530 2532 κ
711 2497 758 2546 G
797 2513 820 2560 3
1195 2511 1352 2563 quan-
