1638 2678
309 118 375 168 45
558 97 842 152 FABRICII
877 99 1313 156 ADVERSARIA.

308 193 1561 212 mm

311 235 569 290 observata
581 236 634 286 in
647 232 892 286 volumen
908 250 1084 299 unum,
1095 233 1182 285 sed
1200 250 1287 302 per
1299 230 1426 284 bene
1438 231 1574 284 mul-

311 317 394 357 tos
422 302 581 355 libros
602 300 813 370 dispena
836 315 984 367 atque
1004 302 1067 354 ad
1089 317 1269 353 eorum
1291 303 1573 366 marginem

313 371 555 438 adscripta
575 368 806 423 habebat.
873 368 1098 422 Difficile
1116 371 1254 421 enim
1268 367 1336 420 est
1359 367 1574 436 creditu,

312 450 443 508 quot
467 438 584 490 libri
606 439 745 503 iique
778 438 898 489 varii
929 439 1127 506 generis
1155 453 1311 491 manu
1342 435 1451 501 ejus
1484 453 1575 488 no·

311 511 402 561 tati
426 507 760 574 reperiantur3
798 504 931 556 unde
955 505 1309 569 &interdum‚
1350 503 1576 570 quidaut

313 575 405 628 ubi
426 574 728 642 adscriptum
752 572 870 624 effet
890 573 936 624 se
958 590 1061 624 non
1083 573 1197 625 satis
1211 572 1460 625 recordari
1484 572 1576 624 do-

315 643 466 697 lebat.
534 641 630 694 Sed
653 640 706 692 id
732 658 797 692 eo
835 642 1056 692 maxime
1089 642 1395 708 contigerat,
1430 639 1573 705 quod

351 711 579 776 ostquam
604 706 755 761 semel
776 720 990 775 coeperat
1019 707 1212 774 aliquid
1242 708 1471 760 conferre
1509 707 1574 761 ad

338 779 507 831 ibrum
532 776 780 842 aliquemi,
817 775 1001 828 deinde
1022 776 1178 828 alium
1202 779 1363 844 magis
1383 793 1574 844 oppor-

316 859 503 900 tunum
526 844 714 897 librum
738 856 823 896 aut
849 842 1020 896 locum
1046 842 1285 896 inveniffe
1321 842 1407 895 libi
1435 843 1573 895 vide-

315 926 468 967 retur.
538 914 775 980 Praecipui
803 929 924 964 vero
947 913 1101 977 hujus
1123 914 1320 979 generis
1354 911 1467 962 libri
1503 913 1573 964 ita

316 979 589 1037 familiares
635 980 752 1048 ipsi,
783 982 850 1032 ita
896 977 1145 1046 frequenti
1194 997 1347 1031 manu
1396 979 1573 1031 versati

314 1061 480 1115 erant,
517 1059 573 1100 ut
593 1065 697 1099 non
721 1060 911 1100 temere
932 1046 1474 1113 quaerendorumlocus
1497 1045 1574 1098 ef-

315 1119 475 1172 fluere
497 1133 563 1168 ex
594 1118 840 1168 memoria
878 1116 1141 1183 prael'ertim
1168 1129 1270 1167 tam
1302 1113 1572 1167 excellenti

315 1184 488 1256 poffet.
569 1187 690 1236 Hoc
721 1184 774 1234 in
808 1201 990 1253 genere
1022 1181 1107 1249 ipfi
1140 1181 1352 1235 fuerunt
1398 1184 1574 1232 Matth.

315 1251 637 1318 Polisynopfis
660 1253 939 1302 Criticorum
969 1250 1231 1318 praesertim
1265 1249 1435 1316 quoad
1469 1252 1576 1301 Ve-

311 1332 396 1374 tus
426 1319 840 1385 Testamentum,
877 1320 931 1370 in
965 1321 1121 1370 Novo
1157 1330 1327 1370 autem
1360 1322 1575 1384 Ilugom's

314 1389 467 1441 Grotii
487 1388 858 1438 Commentarius
880 1386 1056 1438 multis
1089 1385 1151 1439 ab
1184 1385 1293 1454 ipso
1328 1385 1572 1454 pra‘claris

312 1453 752 1510 observationibus
791 1452 1075 1521 respersus:
1120 1466 1234 1505 tum
1276 1456 1352 1515 Jo.
1405 1453 1577 1503 Adami

309 1522 759 1589 Scherzerisystema
787 1522 1049 1588 Theologiae,
1072 1520 1239 1573 charta
1253 1538 1375 1590 pura
1389 1520 1576 1588 dicam,

311 1594 425 1645 imo
458 1607 580 1643 vero
617 1607 750 1641 nunc
770 1586 1024 1653 ‘confertis
1058 1591 1277 1658 gemmis
1308 1587 1459 1655 ipfius
1490 1605 1575 1640 or-

312 1671 454 1725 nata,
499 1656 832 1711 distinfflum:
884 1658 1088 1707 Martini
1129 1659 1254 1709 item
1286 1659 1462 1723 Lipem't'
1497 1656 1575 1707 Bi·
1636 1682 1638 1686 ⁴

312 1728 567 1783 bliothecae‚
602 1726 869 1795 praesertim
899 1724 1255 1793 Theologica‚
1295 1737 1407 1776 tum
1437 1724 1575 1784 Jaco-

312 1794 422 1847 bile
442 1795 603 1859 Longii
635 1792 912 1843 Bibliotheca
931 1795 1100 1859 sacra,
1128 1793 1212 1844 seu
1235 1805 1292 1851 ut
1322 1792 1425 1860 ipse
1459 1808 1575 1844 eam

314 1862 421 1915 dici
444 1860 662 1915 malebat
681 1862 940 1928 exegetica
956 1903 970 1924 ‚
1005 1863 1136 1913 varia
1156 1861 1255 1926 jam
1278 1859 1340 1912 ab
1366 1862 1475 1927 ipio
1513 1858 1576 1912 li-

310 1930 524 1984 brorum
547 1925 1053 1998 supelleffileauc'lae,
1083 1930 1160 1990 Jo.
1181 1928 1427 1978 Leusdem'i
1453 1929 1577 1977 Ono-

313 1997 530 2062 masticon
552 1996 690 2051 haud
717 1997 989 2066 vulgariter
1021 1996 1417 2066 locupletatum,
1448 1993 1575 2046 Guil.

317 2067 461 2117 Cavei
489 2064 695 2121 Historia
734 2067 952 2116 literaria
980 2065 1267 2130 scriptorum
1310 2061 1579 2124 Ecclesiasti-

316 2151 515 2191 corum‚
558 2150 664 2185 non
702 2132 1090 2186 contemnendis
1136 2129 1576 2184 observationibus
1636 2164 1638 2177 .

318 2213 507 2254 ornata.
578 2204 758 2254 Taceo
793 2201 961 2270 plures
995 2197 1180 2265 libros,
1220 2217 1338 2252 curn
1371 2199 1433 2250 ad
1467 2197 1579 2251 san-
1636 2214 1638 2230 ²

319 2267 479 2322 {liora
499 2267 659 2321 studia
687 2280 800 2321 tum
832 2269 893 2323 ad
925 2268 1046 2321 alias
1079 2281 1207 2320 artes
1236 2281 1465 2319 externas
1500 2283 1579 2318 re-

314 2331 584 2399 ferendos',
617 2336 752 2406 apud
772 2353 905 2404 quos
924 2333 1152 2391 fructum
1164 2333 1400 2389 lectionis
1414 2334 1460 2386 ἀ
1451 2351 1579 2455 (1133-
