1604 2658
581 154 995 214 DEDICATIO.

149 298 441 371 merendi
473 300 793 385 studium,
837 323 1202 400 ceterasque
1234 304 1429 376 virtu·

148 435 239 488 tes
276 439 435 488 cum
469 419 909 490 communi&
929 418 1097 514 justo
1118 420 1429 492 omnium

148 539 495 611 nationum
542 538 841 636 applausu
890 541 963 611 &
1008 566 1237 615 amore
1276 567 1433 616 con-

146 662 418 755 junctas,
437 662 504 732 in
538 664 635 732 Te
669 686 846 734 nunc
878 662 979 735 vel
1011 664 1295 759 inprimis
1328 662 1436 733 de-

146 780 556 877 prehendunt
591 801 787 878 atque
821 779 1159 876 suspiciunt
1182 806 1435 865 omne&

146 924 379 998 patere,
428 901 548 974 Vir
585 901 1000 985 Venerande,
1046 921 1121 972 ut
1152 925 1263 997 per
1296 900 1436 974 haec

32 1105 35 1120 ¹
145 1030 295 1098 Tua
322 1022 565 1094 decora
575 1020 926 1094 Fabriciani
946 1023 1253 1108 nominiS,
1279 1050 1437 1123 qua·

33 1145 35 1158 '
147 1142 199 1214 fi
226 1143 631 1241 cognatione
656 1141 965 1238 quadam,
998 1149 1443 1217 renovetur&

34 1336 35 1347 ,
149 1263 495 1336 illustretur
534 1260 896 1340 memoria,
956 1281 1160 1356 utque
1197 1261 1439 1336 defide-

34 1398 37 1431 ἑ
149 1380 324 1452 'rium
351 1379 539 1475 quod
567 1377 978 1473 ejus'jaetura
1004 1374 1213 1471 vulgo
1249 1396 1441 1474 pepe-

150 1498 249 1581 rit,
279 1495 423 1581 -Tui
446 1492 734 1565 nominis
764 1489 1129 1564 celebritate
1154 1491 1440 1567 leniatur.

153 1583 239 1688 Ᾰῑ
288 1615 337 1686 fi
381 1618 481 1686 Te
527 1612 630 1686 vel
682 1611 968 1700 maxime
1026 1611 1212 1683 nullo
1267 1639 1441 1687 nexu
1519 1662 1521 1664 -

154 1734 579 1829 contingeret,
607 1729 693 1813 is,
737 1723 917 1823 cujus
955 1728 1154 1802 vitam
1199 1732 1441 1830 scripsi,

155 1876 288 1948 ego
315 1870 505 1935 certe,
547 1845 659 1944 qui
684 1843 912 1941 scripsi,
940 1845 1269 1944 negligere
1295 1875 1440 1922 non

158 1963 474 2037 deberem
528 1957 788 2057 publice
839 1964 939 2031 Te
1002 1962 1442 2059 compellandi

157 2103 612 2188 opportunam
641 2084 1084 2172 occasionem,
1133 2090 1245 2187 qui
1270 2089 1438 2164 hanc

115 2214 287 2306 'jam
328 2209 438 2279 diu
473 2207 752 2304 anquiro
788 2205 1141 2291 sollicitus„
1195 2229 1267 2279 ut
1305 2237 1435 2307 pro

41 2310 42 2314 Ἰ
158 2331 375 2405 multis
404 2329 788 2429 magnisque
809 2330 965 2401 Tuis
1000 2331 1067 2401 in
1100 2357 1210 2404 me
1247 2334 1439 2406 meri·
1517 2404 1524 2431 .-

847 2454 877 2489 *
922 2470 970 2540 4
1361 2451 1437 2523 tis
1530 2538 1535 2541 j
