1638 2678
318 167 344 215 3
358 169 416 219 14
763 151 1111 206 OLEARIVS.

314 309 369 370 re
390 292 643 371 leistimo.
677 295 757 345 De
778 290 1428 373 Simeonis-Theffalqnicertfis
1440 295 1581 412 ρία-

300 359 522 426 sttontbus
546 360 597 422 {5
618 360 978 426 Rcfitonfiombus
1008 376 1110 427 Jam
1148 359 1279 414 ollm
1312 358 1401 415 mfi
1422 359 1479 413 ‘fa
1505 361 1583 413 lot

217 448 219 451 ·
284 454 287 459 ·
313 440 366 480 te
390 430 599 494 monui,
621 445 775 497 penes
797 445 879 481 me
906 427 1018 482 illas
1042 427 1153 482 effe.
1220 428 1443 495 Stephani
1464 445 1585 496 prae·

231 525 233 527 ·
312 505 448 549 terea
476 496 778 562 grammatici
795 497 1078 565 fragmenta
1100 494 1201 549 w&
1234 501 1400 563 ςιγμῆς
1423 494 1474 548 &
1496 513 1581 548 ve-

311 575 481 618 terum
506 562 849 632 distinguendi
881 563 1059 626 modo,
1083 581 1179 617 una
1202 581 1323 617 cum
1355 566 1578 617 aliorum

312 631 638 699 quorundam
661 634 1110 701 grammaticorum
1130 632 1227 685 hac
1258 631 1323 685 de
1353 649 1407 686 re
1435 649 1575 684 com-

312 699 734 766 mentationibus,
780 699 1022 768 poffideo.
1089 699 1360 768 Porphyrii·
1394 700 1577 753 itidem

313 767 378 820 de
401 766 702 835 Rhapsodia‚
724 766 773 820 ἃ
787 767 1027 824 Prosodia
1041 766 1318 836 fragmenta
1331 767 1578 835 quaedam.

312 838 531 892 Parvum
555 834 766 902 aliquod
774 834 1105 902 fragmentum
1127 855 1185 886 ex
1212 836 1338 896 Julii
1358 835 1580 901 Africani

314 902 462 964 cesla.
534 904 810 970 Catalogum
834 921 980 970 graece
995 903 1230 970 firiptum
1258 902 1579 970 Epifioporum

314 973 680 1042 praecipuarum
721 970 929 1038 sedum,
963 970 1105 1025 Pauli
1137 972 1187 1025 ἃ
1223 974 1357 1025 Petri
1402 971 1577 1024 nescio

313 1055 440 1107 quas
465 1036 700 1109 διατάξεις
719 1039 1081 1101 ἔκκλκσισιςικοὲς,
1098 1056 1223 1107 quas
1241 1039 1385 1093 editae
1409 1056 1473 1092 ne
1483 1035 1578 1092 fint

314 1124 379 1160 an
411 1123 516 1160 non
552 1124 579 1159 a
612 1120 662 1161 te
694 1107 820 1160 scire
852 1107 1052 1160 vellem·
1121 1108 1316 1167 Joanmif
1339 1107 1581 1174 Philopom‘

312 1173 593 1243 fragmenta
615 1175 843 1241 quaedam
868 1193 973 1228 non
998 1174 1368 1228 contemnenda
1386 1175 1577 1239 exejus

311 1248 560 1317 Διοατητῷ.
613 1243 866 1309 Κεφάλαιω
899 1251 969 1299 ‘tgr
996 1248 1082 1297 τῶν
1101 1248 1444 1298 Mam-azam&
1471 1243 1578 1296 dee-

317 1313 416 1373 [355
449 1309 680 1377 δόγματος
732 1313 1074 1376 ἀναληφθέντα
1106 1317 1154 1366 ἐκ
1187 1316 1249 1368 ‘rit'
1278 1312 1452 1371 Βιβλίε
1499 1310 1576 1362 du-
1631 1367 1638 1378 r

314 1383 417 1433 τῶν.
488 1378 703 1431 Contuli
753 1392 981 1446 praeterea
1023 1397 1146 1431 cum
1202 1382 1385 1432 MSSto
1427 1379 1579 1431 Oxo·

313 1444 472 1500 nienfi
505 1446 679 1499 denuo
708 1447 1065 1513 oelateuchum‚
1109 1464 1229 1498 cum
1262 1447 1579 1500 Cottoniano
1625 1483 1631 1486 -

314 1512 557 1579 Genesin,
593 1531 715 1569 cum
736 1513 1131 1584 Cantabrigienfi
1151 1513 1578 1583 Paralipomenon
1635 1557 1638 1579 2

311 1582 493 1648 libros,
506 1583 853 1651 Origenisque
877 1580 1010 1651 figna
1033 1583 1207 1636 critica
1232 1600 1297 1635 ex
1327 1583 1582 1634 Pentateu-
1632 1592 1638 1609 -·

311 1650 396 1705 cho
421 1651 618 1704 Arabico
646 1650 874 1717 excerpsi,
907 1652 996 1717 qui
1019 1662 1188 1703 tamen
1211 1665 1580 1717 usquequaque

271 1719 274 1721 ’
311 1718 446 1772 mihi
460 1736 567 1771 non
589 1715 845 1771 satisfecit.
885 1717 1361 1784 Seldenideniquein
1377 1718 1581 1768 Dionem
1624 1730 1628 1733 ’

312 1785 678 1853 Chr-yspstomum
697 1784 926 1854 poffideo
947 1786 1308 1843 emendationes,
1336 1784 1388 1838 ὅτ
1411 1801 1477 1837 ex
1488 1785 1581 1835 Ca-

298 1852 503 1920 saubom'
526 1855 857 1919 Manuscriptis
887 1856 1047 1905 varias
1078 1853 1140 1906 ad
1169 1870 1277 1906 rem
1307 1852 1582 1905 literariam

310 1923 624 1990 pertinentes
648 1921 1027 1974 observationes
1048 1920 1283 1990 excerpfi.
1332 1917 1581 1973 Suntfor-
1619 1937 1623 1940 ·

309 2000 364 2054 re
384 1988 480 2042 alia
506 1989 751 2042 nonnulla
774 1989 982 2042 levioris
1013 1990 1265 2043 momenti
1295 2005 1404 2055 quae
1440 2003 1580 2039 nunc
1612 1999 1614 2002 ·

310 2055 454 2110 haud
474 2055 795 2123 succurrunt,
825 2073 920 2109 nec
939 2054 1074 2110 forte
1092 2053 1128 2109 fi
1147 2056 1495 2109 succurrerent
1506 2052 1581 2107 al-

309 2124 470 2193 legari
487 2136 813 2177 mererentur.
882 2123 1058 2177 Habes
1075 2125 1247 2191 itaque
1275 2121 1582 2190 quisquilias

310 2209 455 2246 meas
491 2191 681 2258 quibus
716 2191 1082 2245 convertendis
1107 2208 1283 2245 meum
1319 2192 1373 2243 in
1395 2191 1589 2243 itinere?
1621 2204 1626 2213 ·

310 2261 481 2316 otium
505 2259 758 2328 impendi3
792 2259 936 2326 quod
964 2258 998 2313 fi
1032 2261 1230 2329 optime
1260 2258 1580 2311 collocatum

310 2344 420 2385 non
449 2323 578 2394 fuit,
625 2343 690 2380 eo
721 2326 869 2380 solari
899 2344 983 2380 me
1014 2326 1165 2380 liceat
1185 2326 1330 2393 quod
1347 2324 1578 2380 meliori-

314 2394 412 2452 bus
433 2394 728 2466 impendere
751 2411 858 2451 non
880 2394 1110 2463 licuerit,
1143 2393 1351 2465 quodve
1368 2392 1475 2450 istis
1486 2408 1579 2444 oc-

311 2490 319 2500 ,
354 2492 357 2503 =
1418 2475 1575 2529 cupa-

412 2521 511 2533 tun-auu
